@article{Su2019,
  title     = {{A cnn-based method for intent recognition using inertial measurement units and intelligent lower limb prosthesis}},
  year      = {2019},
  journal   = {IEEE Transactions on Neural Systems and Rehabilitation Engineering},
  author    = {Su, Ben Yue and Wang, Jie and Liu, Shuang Qing and Sheng, Min and Jiang, Jing and Xiang, Kui},
  number    = {5},
  volume    = {27},
  publisher = {IEEE},
  doi       = {10.1109/TNSRE.2019.2909585},
  issn      = {15580210},
}

@article{Mutegeki2020,
  title     = {{A CNN-LSTM Approach to Human Activity Recognition}},
  year      = {2020},
  journal   = {2020 International Conference on Artificial Intelligence in Information and Communication, ICAIIC 2020},
  author    = {Mutegeki, Ronald and Han, Dong Seog},
  publisher = {IEEE},
  isbn      = {9781728149851},
  doi       = {10.1109/ICAIIC48513.2020.9065078},
}

@article{Abbaspour2020,
  title    = {{A comparative analysis of hybrid deep learning models for human activity recognition}},
  year     = {2020},
  journal  = {Sensors (Switzerland)},
  author   = {Abbaspour, Saedeh and Fotouhi, Faranak and Sedaghatbaf, Ali and Fotouhi, Hossein and Vahabi, Maryam and Linden, Maria},
  number   = {19},
  volume   = {20},
  doi      = {10.3390/s20195707},
  issn     = {14248220},
}

@article{Fluit2020,
  title    = {{A Comparison of Control Strategies in Commercial and Research Knee Prostheses}},
  year     = {2020},
  journal  = {IEEE Transactions on Biomedical Engineering},
  author   = {Fluit, Rene and Prinsen, Erik C. and Wang, Shiqian and Van Der Kooij, Herman},
  number   = {1},
  month    = {1},
  volume   = {67},
  doi      = {10.1109/TBME.2019.2912466},
  issn     = {15582531},
}

@article{Zhuang2021,
  title    = {{A Comprehensive Survey on Transfer Learning}},
  year     = {2021},
  journal  = {Proceedings of the IEEE},
  author   = {Zhuang, Fuzhen and Qi, Zhiyuan and Duan, Keyu and Xi, Dongbo and Zhu, Yongchun and Zhu, Hengshu and Xiong, Hui and He, Qing},
  number   = {1},
  volume   = {109},
  doi      = {10.1109/JPROC.2020.3004555},
  issn     = {15582256},
}

@article{Farahani2020,
  title     = {{A Concise Review of Transfer Learning}},
  year      = {2020},
  journal   = {Proceedings - 2020 International Conference on Computational Science and Computational Intelligence, CSCI 2020},
  author    = {Farahani, Abolfazl and Pourshojae, Behrouz and Rasheed, Khaled and Arabnia, Hamid R.},
  publisher = {IEEE},
  isbn      = {9781728176246},
  doi       = {10.1109/CSCI51800.2020.00065},
}

@article{Ihianle2020,
  title   = {{A Deep Learning Approach for Human Activities Recognition From Multimodal Sensing Devices}},
  year    = {2020},
  journal = {IEEE Access},
  author  = {Ihianle, Isibor Kennedy and Nwajana, Augustine O. and Ebenuwa, Solomon Henry and Otuka, Richard I. and Owa, Kayode and Orisatoki, Mobolaji O.},
  volume  = {8},
  doi     = {10.1109/access.2020.3027979},
  issn    = {2169-3536}
}

@article{Ponce2016,
  title    = {{A flexible approach for human activity recognition using artificial hydrocarbon networks}},
  year     = {2016},
  journal  = {Sensors (Switzerland)},
  author   = {Ponce, Hiram and Miralles-Pechu{\'{a}}n, Luis and De Lourdes Mart{\'{i}}nez-Villase{\~{n}}or, María},
  number   = {11},
  volume   = {16},
  doi      = {10.3390/s16111715},
  issn     = {14248220},
}

@article{Wang2018,
  title   = {{A flexible lower extremity exoskeleton robot with deep locomotion mode identification}},
  year    = {2018},
  journal = {Complexity},
  author  = {Wang, Can and Wu, Xinyu and Ma, Yue and Wu, Guizhong and Luo, Yuhao},
  volume  = {2018},
  doi     = {10.1155/2018/5712108},
  issn    = {10990526}
}

@book{Kirkup2007,
  title     = {{A History of Limb Amputation}},
  year      = {2007},
  booktitle = {A History of Limb Amputation},
  author    = {Kirkup, John},
  publisher = {Springer London},
  address   = {London},
  isbn      = {978-1-84628-443-4},
  doi       = {10.1007/978-1-84628-509-7}
}

@article{Scholl2015,
  title    = {{A laboratory system for capturing and guiding experiments}},
  year     = {2015},
  journal  = {UbiComp 2015 - Proceedings of the 2015 ACM International Joint Conference on Pervasive and Ubiquitous Computing},
  author   = {Scholl, Philipp M. and Wille, Matthias and Van Laerhoven, Kristof},
  isbn     = {9781450335744},
  doi      = {10.1145/2750858.2807547},
}

@article{Yu2018,
  title     = {{A Multi-Layer Parallel LSTM Network for Human Activity Recognition with Smartphone Sensors}},
  year      = {2018},
  journal   = {2018 10th International Conference on Wireless Communications and Signal Processing, WCSP 2018},
  author    = {Yu, Tao and Chen, Jianxin and Yan, Na and Liu, Xipeng},
  publisher = {IEEE},
  isbn      = {9781538661192},
  doi       = {10.1109/WCSP.2018.8555945},
}

@inproceedings{Anguita2013,
  title     = {{A public domain dataset for human activity recognition using smartphones}},
  year      = {2013},
  booktitle = {ESANN 2013 proceedings, 21st European Symposium on Artificial Neural Networks, Computational Intelligence and Machine Learning},
  author    = {Anguita, Davide and Ghio, Alessandro and Oneto, Luca and Parra, Xavier and Reyes-Ortiz, Jorge L.},
  number    = {April},
  isbn      = {9782874190810}
}

@article{Maqbool2017,
  title    = {{A Real-Time Gait Event Detection for Lower Limb Prosthesis Control and Evaluation}},
  year     = {2017},
  journal  = {IEEE Transactions on Neural Systems and Rehabilitation Engineering},
  author   = {Maqbool, H. F. and Husman, M. A.B. and Awad, M. I. and Abouhossein, A. and Iqbal, Nadeem and Dehghani-Sanij, A. A.},
  number   = {9},
  volume   = {25},
  doi      = {10.1109/TNSRE.2016.2636367},
  issn     = {15344320},
}

@book{Low2022,
  title     = {{A Review of Machine Learning Network in Human Motion Biomechanics}},
  year      = {2022},
  booktitle = {Journal of Grid Computing},
  author    = {Low, Wan Shi and Chan, Chow Khuen and Chuah, Joon Huang and Tee, Yee Kai and Hum, Yan Chai and Salim, Maheza Irna Mohd and Lai, Khin Wee},
  number    = {1},
  volume    = {20},
  publisher = {Springer Netherlands},
  isbn      = {0123456789},
  doi       = {10.1007/s10723-021-09595-7},
  issn      = {1570-7873},
}

@article{Lawson2014,
  title   = {{A robotic leg prosthesis: Design, control, and implementation}},
  year    = {2014},
  journal = {IEEE Robotics and Automation Magazine},
  author  = {Lawson, Brian E. and Mitchell, Jason and Truex, Don and Shultz, Amanda and Ledoux, Elissa and Goldfarb, Michael},
  number  = {4},
  volume  = {21},
  doi     = {10.1109/MRA.2014.2360303},
  issn    = {10709932}
}

@article{Wong2021,
  title    = {{A Scoping Review of Physical Activity in People With Lower-Limb Loss: 10,000 Steps Per Day?}},
  year     = {2021},
  journal  = {Physical therapy},
  author   = {Wong, Christopher K. and Rissland, Maia S. and Madagan, Deanna M. and Jones, Kameron N.},
  number   = {8},
  volume   = {101},
  doi      = {10.1093/ptj/pzab115},
  issn     = {15386724},
}

@article{Bota2019,
  title    = {{A semi-automatic annotation approach for human activity recognition}},
  year     = {2019},
  journal  = {Sensors (Switzerland)},
  author   = {Bota, Patrícia and Silva, Joana and Folgado, Duarte and Gamboa, Hugo},
  number   = {3},
  volume   = {19},
  doi      = {10.3390/s19030501},
  issn     = {14248220},
}

@article{Straczkiewicz2021,
  title     = {{A systematic review of smartphone-based human activity recognition methods for health research}},
  year      = {2021},
  journal   = {npj Digital Medicine},
  author    = {Straczkiewicz, Marcin and James, Peter and Onnela, Jukka Pekka},
  number    = {1},
  volume    = {4},
  publisher = {Springer US},
  doi       = {10.1038/s41746-021-00514-4},
  issn      = {23986352}
}

@article{Young2014a,
  title     = {{A training method for locomotion mode prediction using powered lower limb prostheses}},
  year      = {2014},
  journal   = {IEEE Transactions on Neural Systems and Rehabilitation Engineering},
  author    = {Young, Aaron J. and Simon, Ann M. and Hargrove, Levi J.},
  number    = {3},
  volume    = {22},
  publisher = {IEEE},
  doi       = {10.1109/TNSRE.2013.2285101},
  issn      = {15344320},
}

@article{Windrich2016,
  title     = {{Active lower limb prosthetics: A systematic review of design issues and solutions}},
  year      = {2016},
  journal   = {BioMedical Engineering Online},
  author    = {Windrich, Michael and Grimmer, Martin and Christ, Oliver and Rinderknecht, Stephan and Beckerle, Philipp},
  number    = {3},
  volume    = {15},
  publisher = {BioMed Central},
  doi       = {10.1186/s12938-016-0284-9},
  issn      = {1475925X},
}

@article{Lonini2016,
  title     = {{Activity recognition in patients with lower limb impairments: Do we need training data from each patient?}},
  year      = {2016},
  journal   = {Proceedings of the Annual International Conference of the IEEE Engineering in Medicine and Biology Society, EMBS},
  author    = {Lonini, Luca and Gupta, Aakash and Kording, Konrad and Jayaraman, Aran},
  volume    = {2016-Octob},
  publisher = {IEEE},
  isbn      = {9781457702204},
  doi       = {10.1109/EMBC.2016.7591425},
  issn      = {1557170X},
}

@article{Abdallah2018,
  title    = {{Activity Recognition with Evolving Data Streams: A Review}},
  year     = {2018},
  journal  = {ACM Comput. Surv},
  author   = {Abdallah, Zahraa S and Medhat Gaber, Mohamed},
  number   = {4},
  volume   = {51},
  doi      = {10.1145/3158645},
  issn     = {03600300},
}

@article{Kingma2015,
  title   = {{Adam: A method for stochastic optimization}},
  year    = {2015},
  journal = {3rd International Conference on Learning Representations, ICLR 2015 - Conference Track Proceedings},
  author  = {Kingma, Diederik P. and Ba, Jimmy Lei},
}

@article{Asif2021,
  title     = {{Advancements, Trends and Future Prospects of Lower Limb Prosthesis}},
  year      = {2021},
  journal   = {IEEE Access},
  author    = {Asif, Muhammad and Tiwana, Mohsin Islam and Khan, Umar Shahbaz and Qureshi, Waqar Shahid and Iqbal, Javaid and Rashid, Nasir and Naseer, Noman},
  volume    = {9},
  publisher = {IEEE},
  doi       = {10.1109/ACCESS.2021.3086807},
  issn      = {21693536},
}

@article{Schepers2007,
  title    = {{Ambulatory assessment of ankle and foot dynamics}},
  year     = {2007},
  journal  = {IEEE Transactions on Biomedical Engineering},
  author   = {Schepers, H. Martin and Koopman, H. F J M and Veltink, Peter H.},
  number   = {5},
  volume   = {54},
  doi      = {10.1109/TBME.2006.889769},
  issn     = {00189294},
}

@book{Pedroli2019,
  title     = {{An Immersive Cognitive Rehabilitation Program : A Case Study : Proceedings of the 4th International Conference on NeuroRehabilitation ( ICNR2018 ), October An Immersive Cognitive Rehabilitation Program : A Case Study}},
  year      = {2019},
  author    = {Pedroli, Elisa and Serino, Silvia and Cipresso, Pietro and Leo, Gianluca De and Goulene, Karine and Morelli, Sandra and Avenio, Giuseppe D and Stramba-badiale, Marco and Grigioni, Mauro and Gaggioli, Andrea and Riva, Giuseppe},
  number    = {January},
  volume    = {1},
  publisher = {Springer International Publishing},
  isbn      = {9783030018450},
  doi       = {10.1007/978-3-030-01845-0}
}

@article{Nayak2020,
  title    = {{Application of Artificial Intelligence (AI) in Prosthetic and Orthotic Rehabilitation}},
  year     = {2020},
  journal  = {Service Robotics},
  author   = {Nayak, Smita and Kumar Das, Rajesh},
  doi      = {10.5772/intechopen.93903},
}

@article{Velezguerrero2021,
  title    = {{Artificial intelligence‐based wearable robotic exoskeletons for upper limb rehabilitation: A review}},
  year     = {2021},
  journal  = {Sensors},
  author   = {V{\'{e}}lez‐guerrero, Manuel Andrés and Callejas‐cuervo, Mauro and Mazzoleni, Stefano},
  number   = {6},
  volume   = {21},
  doi      = {10.3390/s21062146},
  issn     = {14248220},
}

@article{Piazza2017,
  title   = {{Assesment of physical activity in amputees: A systematic review of the literature}},
  year    = {2017},
  journal = {Science {\&} Sports},
  author  = {Piazza, L. and Ferreira, E.G. and Minsky, R.C. and Pires, G.K.W. and Silva, R.},
  number  = {4},
  month   = {9},
  volume  = {32},
  doi     = {10.1016/j.scispo.2017.07.011},
  issn    = {07651597}
}

@article{Sabatini2005,
  title    = {{Assessment of walking features from foot inertial sensing}},
  year     = {2005},
  journal  = {IEEE Transactions on Biomedical Engineering},
  author   = {Sabatini, Angelo M. and Martelloni, Chiara and Scapellato, Sergio and Cavallo, Filippo},
  number   = {3},
  volume   = {52},
  doi      = {10.1109/TBME.2004.840727},
  issn     = {00189294},
}

@article{Koller2018,
  title    = {{Biomechanics and energetics of walking in powered ankle exoskeletons using myoelectric control versus mechanically intrinsic control}},
  year     = {2018},
  journal  = {Journal of NeuroEngineering and Rehabilitation},
  author   = {Koller, Jeffrey R and Remy, C. David and Ferris, Daniel P},
  number   = {1},
  volume   = {15},
  doi      = {10.1186/s12984-018-0379-6},
  issn     = {17430003},
}

@article{Herr2012,
  title    = {{Bionic ankle-foot prosthesis normalizes walking gait for persons with leg amputation}},
  year     = {2012},
  journal  = {Proceedings of the Royal Society B: Biological Sciences},
  author   = {Herr, Hugh M. and Grabowski, Alena M.},
  number   = {1728},
  volume   = {279},
  doi      = {10.1098/rspb.2011.1194},
  issn     = {14712970},
}

@article{He2018,
  title     = {{Brain-machine interfaces for controlling lower-limb powered robotic systems}},
  year      = {2018},
  booktitle = {Journal of Neural Engineering},
  author    = {He, Yongtian and Eguren, David and Azor{\'{i}}n, José M. and Grossman, Robert G and Luu, Trieu Phat and Contreras-Vidal, Jose L.},
  number    = {2},
  volume    = {15},
  doi       = {10.1088/1741-2552/aaa8c0},
  issn      = {17412552},
}

@inproceedings{roggan2010,
  title     = {{Collecting complex activity datasets in highly rich networked sensor environments}},
  year      = {2010},
  booktitle = {2010 Seventh International Conference on Networked Sensing Systems (INSS)},
  author    = {Roggen, Daniel and Calatroni, Alberto and Rossi, Mirco and Holleczek, Thomas and Forster, Kilian and Troster, Gerhard and Lukowicz, Paul and Bannach, David and Pirkl, Gerald and Ferscha, Alois and Doppler, Jakob and Holzmann, Clemens and Kurz, Marc and Holl, Gerald and Chavarriaga, Ricardo and Sagha, Hesam and Bayati, Hamidreza and Creatura, Marco and Millan, Jose del R.},
  month     = {6},
  publisher = {IEEE},
  isbn      = {978-1-4244-7911-5},
  doi       = {10.1109/INSS.2010.5573462},
}

@article{Varrecchia2019,
  title     = {{Common and specific gait patterns in people with varying anatomical levels of lower limb amputation and different prosthetic components}},
  year      = {2019},
  journal   = {Human Movement Science},
  author    = {Varrecchia, Tiwana and Serrao, Mariano and Rinaldi, Martina and Ranavolo, Alberto and Conforto, Silvia and De Marchis, Cristiano and Simonetti, Andrea and Poni, Ida and Castellano, Simona and Silvetti, Alessio and Tatarelli, Antonella and Fiori, Lorenzo and Conte, Carmela and Draicchio, Francesco},
  number    = {October 2018},
  volume    = {66},
  publisher = {Elsevier},
  doi       = {10.1016/j.humov.2019.03.008},
  issn      = {18727646},
}

@article{Kwon2021,
  title    = {{Comparative study of markerless vision-based gait analyses for person re-identification}},
  year     = {2021},
  journal  = {Sensors},
  author   = {Kwon, Jaerock and Lee, Yunju and Lee, Jehyung},
  number   = {24},
  volume   = {21},
  doi      = {10.3390/s21248208},
  issn     = {14248220},
}

@article{Button2010,
  title   = {{Comparison of below-knee amputee gait performed overground and on a motorized treadmill}},
  year    = {2010},
  journal = {Adapted Physical Activity Quarterly},
  author  = {Button, Chris and Moyle, Stuart and Davids, Keith},
  number  = {2},
  volume  = {27},
  doi     = {10.1123/apaq.27.2.96},
  issn    = {15432777},
}

@article{Silverman2008,
  title    = {{Compensatory mechanisms in below-knee amputee gait in response to increasing steady-state walking speeds}},
  year     = {2008},
  journal  = {Gait and Posture},
  author   = {Silverman, Anne K. and Fey, Nicholas P. and Portillo, Albert and Walden, Judith G. and Bosker, Gordon and Neptune, Richard R.},
  number   = {4},
  volume   = {28},
  doi      = {10.1016/j.gaitpost.2008.04.005},
  issn     = {09666362},
}

@article{Tucker2015,
  title    = {{Control strategies for active lower extremity prosthetics and orthotics: A review}},
  year     = {2015},
  journal  = {Journal of NeuroEngineering and Rehabilitation},
  author   = {Tucker, Michael R. and Olivier, Jeremy and Pagel, Anna and Bleuler, Hannes and Bouri, Mohamed and Lambercy, Olivier and Del Mill{\'{a}}n, José R. and Riener, Robert and Vallery, Heike and Gassert, Roger},
  number   = {1},
  volume   = {12},
  doi      = {10.1186/1743-0003-12-1},
  issn     = {17430003},
}

@article{Gardiner2016,
  title   = {{Crowd-sourced amputee gait data: A feasibility study using YouTube videos of unilateral trans-femoral gait}},
  year    = {2016},
  journal = {PLoS ONE},
  author  = {Gardiner, James and Gunarathne, Nuwan and Howard, David and Kenney, Laurence},
  number  = {10},
  volume  = {11},
  doi     = {10.1371/journal.pone.0165287},
  issn    = {19326203},
}

@article{Bussmann2008,
  title    = {{Daily physical activity and heart rate response in people with a unilateral traumatic transtibial amputation}},
  year     = {2008},
  journal  = {Archives of Physical Medicine and Rehabilitation},
  author   = {Bussmann, Johannes B and Schrauwen, Hannelore J and Stam, Henk J},
  number   = {3},
  volume   = {89},
  doi      = {10.1016/j.apmr.2007.11.012 [doi]},
  issn     = {1532-821X; 0003-9993},
}

@article{Ordonez2016,
  title    = {{Deep convolutional and LSTM recurrent neural networks for multimodal wearable activity recognition}},
  year     = {2016},
  journal  = {Sensors (Switzerland)},
  author   = {Ord{\'{o}}{\~{n}}ez, Francisco Javier and Roggen, Daniel},
  number   = {1},
  volume   = {16},
  doi      = {10.3390/s16010115},
  issn     = {14248220},
}

@article{Sigcha2020,
  title    = {{Deep learning approaches for detecting freezing of gait in parkinson’s disease patients through on-body acceleration sensors}},
  year     = {2020},
  journal  = {Sensors (Switzerland)},
  author   = {Sigcha, Luis and Costa, Nélson and Pav{\'{o}}n, Ignacio and Costa, Susana and Arezes, Pedro and L{\'{o}}pez, Juan Manuel and De Arcas, Guillermo},
  number   = {7},
  volume   = {20},
  doi      = {10.3390/s20071895},
  issn     = {14248220},
}

@article{Wang2019b,
  title     = {{Deep learning for sensor-based activity recognition: A survey}},
  year      = {2019},
  journal   = {Pattern Recognition Letters},
  author    = {Wang, Jindong and Chen, Yiqiang and Hao, Shuji and Peng, Xiaohui and Hu, Lisha},
  volume    = {119},
  publisher = {Elsevier B.V.},
  doi       = {10.1016/j.patrec.2018.02.010},
  issn      = {01678655},
}

@article{Murad2017,
  title    = {{Deep recurrent neural networks for human activity recognition}},
  year     = {2017},
  journal  = {Sensors (Switzerland)},
  author   = {Murad, Abdulmajid and Pyun, Jae Young},
  number   = {11},
  volume   = {17},
  doi      = {10.3390/s17112556},
  issn     = {14248220},
}

@article{Wang2018a,
  title    = {{Deep Transfer Learning for Cross-domain Activity Recognition}},
  year     = {2018},
  author   = {Wang, Jindong and Zheng, Vincent W and Chen, Yiqiang and Huang, Meiyu},
  isbn     = {9781450365871},
}

@article{Zhu2019,
  title     = {{Efficient Human Activity Recognition Solving the Confusing Activities Via Deep Ensemble Learning}},
  year      = {2019},
  journal   = {IEEE Access},
  author    = {Zhu, Ran and Xiao, Zhuoling and Li, Ying and Yang, Mingkun and Tan, Yawen and Zhou, Liang and Lin, Shuisheng and Wen, Hongkai},
  volume    = {7},
  publisher = {IEEE},
  doi       = {10.1109/ACCESS.2019.2922104},
  issn      = {21693536},
}

@article{Yoon2017,
  title    = {{Efficient transfer learning schemes for personalized language modeling using recurrent neural network}},
  year     = {2017},
  journal  = {AAAI Workshop - Technical Report},
  author   = {Yoon, Seunghyun and Yun, Hyeongu and Kim, Yuna and Park, Gyu Tae and Jung, Kyomin},
  volume   = {WS-17-01 -},
  isbn     = {9781577357865},
}

@online{ElanIC,
  title   = {{ElanIC - Waterproof Microprocessor Prosthetic Foot - Blatchford}},
  author  = {{Blatchford}},
  urldate = {2020-12-15}
}

@online{biom2018,
  title   = {{Empower | Ottobock UK}},
  author  = {{Ottobock}},
  urldate = {2018-07-31}
}

@online{Enpower,
  title   = {{Empower | Ottobock UK}},
  author  = {{Ottobock}},
  urldate = {2020-12-15}
}

@article{Vllasolli2014,
  title    = {{Energy expenditure and walking speed in lower limb amputees: A cross sectional study}},
  year     = {2014},
  journal  = {Ortopedia Traumatologia Rehabilitacja},
  author   = {Vllasolli, Teuta Osmani and Zafirova, Beti and Orovcanec, Nikola and Poposka, Anastasika and Murtezani, Ardiana and Krasniqi, Blerim},
  number   = {4},
  volume   = {16},
  doi      = {10.5604/15093492.1119619},
  issn     = {15093492},
}

@article{McDonald2018,
  title     = {{Energy expenditure in people with transtibial amputation walking with crossover and energy storing prosthetic feet: A randomized within-subject study}},
  year      = {2018},
  journal   = {Gait and Posture},
  author    = {McDonald, Cody L. and Kramer, Patricia A. and Morgan, Sara J. and Halsne, Elizabeth G. and Cheever, Sarah M. and Hafner, Brian J.},
  number    = {March},
  volume    = {62},
  publisher = {Elsevier},
  doi       = {10.1016/j.gaitpost.2018.03.040},
  issn      = {18792219},
}

@article{Jin2014,
  title    = {{Environmental sensing by wearable device for indoor activity and location estimation}},
  year     = {2014},
  journal  = {IECON Proceedings (Industrial Electronics Conference)},
  author   = {Jin, Ming and Zou, Han and Weekly, Kevin and Jia, Ruoxi and Bayen, Alexandre M. and Spanos, Costas J.},
  isbn     = {9781479940325},
  doi      = {10.1109/IECON.2014.7049320},
  issn     = {1553-572X},
}

@article{Uddin2021,
  title    = {{Estimation of mechanical power output employing deep learning on inertial measurement data in roller ski skating}},
  year     = {2021},
  journal  = {Sensors},
  author   = {Uddin, Md Zia and Seeberg, Trine M. and Kocbach, Jan and Liverud, Anders E. and Gonzalez, Victor and Sandbakk, Øyvind and Meyer, Frédéric},
  number   = {19},
  volume   = {21},
  doi      = {10.3390/s21196500},
  issn     = {14248220},
}

@article{Roerdink2012,
  title     = {{Evaluating asymmetry in prosthetic gait with step-length asymmetry alone is flawed}},
  year      = {2012},
  journal   = {Gait and Posture},
  author    = {Roerdink, Melvyn and Roeles, Sanne and van der Pas, Sanne C.H. and Bosboom, Otelie and Beek, Peter J.},
  number    = {3},
  volume    = {35},
  publisher = {Elsevier B.V.},
  doi       = {10.1016/j.gaitpost.2011.11.005},
  issn      = {09666362},
}

@article{Horst2019,
  title   = {{Explaining the unique nature of individual gait patterns with deep learning}},
  year    = {2019},
  journal = {Scientific Reports},
  author  = {Horst, Fabian and Lapuschkin, Sebastian and Samek, Wojciech and M{\"{u}}ller, Klaus Robert and Sch{\"{o}}llhorn, Wolfgang I.},
  number  = {1},
  volume  = {9},
  doi     = {10.1038/s41598-019-38748-8},
  issn    = {20452322},
}

@article{Sinha2011,
  title    = {{Factors affecting quality of life in lower limb amputees}},
  year     = {2011},
  journal  = {Prosthetics and Orthotics International},
  author   = {Sinha, Richa and Van Den Heuvel, Wim J.A. and Arokiasamy, Perianayagam},
  number   = {1},
  volume   = {35},
  doi      = {10.1177/0309364610397087},
  issn     = {03093646},
}

@article{AbdulRazak2012,
  title    = {{Foot plantar pressure measurement system: A review}},
  year     = {2012},
  journal  = {Sensors (Switzerland)},
  author   = {Abdul Razak, Abdul Hadi and Zayegh, Aladin and Begg, Rezaul K. and Wahab, Yufridin},
  number   = {7},
  volume   = {12},
  doi      = {10.3390/s120709884},
  issn     = {14248220},
}

@book{Goodfellow2015,
  title     = {Deep Learning},
  author    = {Ian Goodfellow and Yoshua Bengio and Aaron Courville},
  publisher = {MIT Press},
  note      = {\url{http://www.deeplearningbook.org}},
  year      = {2016}
}

@article{Coutts1999,
  title   = {{Gait analysis in the therapeutic environment}},
  year    = {1999},
  journal = {Manual Therapy},
  author  = {Coutts, Fiona},
  number  = {1},
  month   = {2},
  volume  = {4},
  doi     = {10.1016/S1356-689X(99)80003-4},
  issn    = {1356689X},
}

@article{Harandi2020,
  title     = {{Gait compensatory mechanisms in unilateral transfemoral amputees}},
  year      = {2020},
  journal   = {Medical Engineering and Physics},
  author    = {Harandi, Vahidreza Jafari and Ackland, David Charles and Haddara, Raneem and Lizama, L. Eduardo Cofré and Graf, Mark and Galea, Mary Pauline and Lee, Peter Vee Sin},
  volume    = {77},
  publisher = {Elsevier Ltd},
  doi       = {10.1016/j.medengphy.2019.11.006},
  issn      = {18734030},
}

@article{McIntosh2006,
  title    = {{Gait dynamics on an inclined walkway}},
  year     = {2006},
  journal  = {Journal of Biomechanics},
  author   = {McIntosh, Andrew Stuart and Beatty, Karen T. and Dwan, Leanne N. and Vickers, Deborah R.},
  number   = {13},
  volume   = {39},
  doi      = {10.1016/j.jbiomech.2005.07.025},
  issn     = {00219290},
}

@article{Breakey1976,
  title   = {{Gait of Unilateral Below-Knee Amputees}},
  year    = {1976},
  journal = {Orthotics and Prosthetics},
  author  = {Breakey, James},
  number  = {3},
  volume  = {30}
}

@article{Zeng2021,
  title    = {{Gait-Based Implicit Authentication Using Edge Computing and Deep Learning for Mobile Devices}},
  year     = {2021},
  journal  = {Sensors (Basel, Switzerland)},
  author   = {Zeng, Xin and Zhang, Xiaomei and Yang, Shuqun and Shi, Zhicai and Chi, Chihung},
  number   = {13},
  volume   = {21},
  doi      = {10.3390/s21134592},
  issn     = {14248220},
}

@article{Tufek2020,
  title    = {{Human Action Recognition Using Deep Learning Methods on Limited Sensory Data}},
  year     = {2020},
  journal  = {IEEE Sensors Journal},
  author   = {Tufek, Nilay and Yalcin, Murat and Altintas, Mucahit and Kalaoglu, Fatma and Li, Yi and Bahadir, Senem Kursun},
  number   = {6},
  volume   = {20},
  isbn     = {9781728185798},
  doi      = {10.1109/JSEN.2019.2956901},
  issn     = {15581748},
}

@article{Saini2020,
  title    = {{Human Activity and Gesture Recognition: A Review}},
  year     = {2020},
  journal  = {Proceedings - 2020 International Conference on Emerging Trends in Communication, Control and Computing, ICONC3 2020},
  author   = {Saini, Rashmi and Maan, Vinod},
  isbn     = {9781728114200},
  doi      = {10.1109/ICONC345789.2020.9117535},
}

@article{Jamieson2021,
  title    = {{Human Activity Recognition of Individuals with Lower Limb Amputation in Free-Living Conditions: A Pilot Study}},
  year     = {2021},
  journal  = {Sensors},
  author   = {Jamieson, Alexander and Murray, Laura and Stankovic, Lina and Stankovic, Vladimir and Buis, Arjan},
  number   = {24},
  month    = {12},
  volume   = {21},
  doi      = {10.3390/s21248377},
  issn     = {1424-8220},
}

@inproceedings{Altun2010,
  title     = {{Human activity recognition using inertial/magnetic sensor units}},
  year      = {2010},
  booktitle = {Lecture Notes in Computer Science (including subseries Lecture Notes in Artificial Intelligence and Lecture Notes in Bioinformatics)},
  author    = {Altun, Kerem and Barshan, Billur},
  volume    = {6219 LNCS},
  isbn      = {3642147143},
  doi       = {10.1007/978-3-642-14715-9_5},
  issn      = {03029743},
}

@article{Jiang2015,
  title    = {{Human activity recognition using wearable sensors by deep convolutional neural networks}},
  year     = {2015},
  journal  = {MM 2015 - Proceedings of the 2015 ACM Multimedia Conference},
  author   = {Jiang, Wenchao and Yin, Zhaozheng},
  isbn     = {9781450334594},
  doi      = {10.1145/2733373.2806333},
}

@article{Uddin2021a,
  title     = {{Human activity recognition using wearable sensors, discriminant analysis, and long short-term memory-based neural structured learning}},
  year      = {2021},
  journal   = {Scientific Reports},
  author    = {Uddin, Md Zia and Soylu, Ahmet},
  number    = {1},
  volume    = {11},
  publisher = {Nature Publishing Group UK},
  isbn      = {0123456789},
  doi       = {10.1038/s41598-021-95947-y},
  issn      = {20452322},
}

@article{Ramakrishnan2019,
  title   = {{Human Gait Analysis Metric for Gait Retraining}},
  year    = {2019},
  journal = {Applied Bionics and Biomechanics},
  author  = {Ramakrishnan, Tyagi and Kim, Seok Hun and Reed, Kyle B. and Johnson, Michelle},
  volume  = {2019},
  doi     = {10.1155/2019/1286864},
  issn    = {17542103}
}

@article{Bittibssi2022,
  title    = {{Implementation of surface electromyography controlled prosthetics limb based on recurrent neural network}},
  year     = {2022},
  journal  = {Concurrency and Computation: Practice and Experience},
  author   = {Bittibssi, Tarek M. and Zekry, Abdelhalim and Genedy, Mohamed A. and Maged, Shady A.},
  number   = {June 2021},
  doi      = {10.1002/cpe.6848},
  issn     = {1532-0626},
}

@article{Lu2020,
  title   = {{IMU-based deep neural networks for locomotor intention prediction}},
  year    = {2020},
  journal = {IEEE International Conference on Intelligent Robots and Systems},
  author  = {Lu, Huaitian and Schomaker, Lambert R.B. and Carloni, Raffaella},
  isbn    = {9781728162126},
  doi     = {10.1109/IROS45743.2020.9341649},
  issn    = {21530866}
}

@article{Bruinsma2021,
  title     = {{IMU-Based Deep Neural Networks: Prediction of Locomotor and Transition Intentions of an Osseointegrated Transfemoral Amputee}},
  year      = {2021},
  journal   = {IEEE Transactions on Neural Systems and Rehabilitation Engineering},
  author    = {Bruinsma, Julian and Carloni, Raffaella},
  volume    = {29},
  publisher = {IEEE},
  doi       = {10.1109/TNSRE.2021.3086843},
  issn      = {15580210},
}

@article{Sprager2015,
  title    = {{Inertial sensor-based gait recognition: A review}},
  year     = {2015},
  journal  = {Sensors (Switzerland)},
  author   = {Sprager, Sebastijan and Juric, Matjaz B.},
  isbn     = {3861241935},
  doi      = {10.3390/s150922089},
  issn     = {14248220},
}

@article{Reiss2012,
  title     = {{Introducing a new benchmarked dataset for activity monitoring}},
  year      = {2012},
  journal   = {Proceedings - International Symposium on Wearable Computers, ISWC},
  author    = {Reiss, Attila and Stricker, Didier},
  publisher = {IEEE},
  isbn      = {9780769546971},
  doi       = {10.1109/ISWC.2012.13},
  issn      = {15504816}
}

@book{Bartlett2007,
  title     = {{Introduction to Sports Biomechanics: Analysing Human Movement Patterns}},
  year      = {2007},
  booktitle = {Journal of cardiology},
  author    = {Bartlett, Roger},
  edition   = {2nd},
  volume    = {50 Suppl 1},
  publisher = {Routledge},
  issn      = {0-203-46202-5}
}

@article{Singh2020,
  title     = {{Investigating the impact of data normalization on classification performance}},
  year      = {2020},
  journal   = {Applied Soft Computing},
  author    = {Singh, Dalwinder and Singh, Birmohan},
  volume    = {97},
  publisher = {Elsevier B.V.},
  doi       = {10.1016/j.asoc.2019.105524},
  issn      = {15684946},
}

@article{Zhang2015,
  title   = {{Investigation of timing to switch control mode in powered knee prostheses during task transitions}},
  year    = {2015},
  journal = {PLoS ONE},
  author  = {Zhang, Fan and Liu, Ming and Huang, He},
  number  = {7},
  volume  = {10},
  doi     = {10.1371/journal.pone.0133965},
  issn    = {19326203}
}

@article{Bateni2002,
  title    = {{Kinematic and kinetic variations of below-knee amputee gait}},
  year     = {2002},
  journal  = {Journal of Prosthetics and Orthotics},
  author   = {Bateni, Hamid and Olney, Sandra J.},
  number   = {1},
  volume   = {14},
  doi      = {10.1097/00008526-200203000-00003},
  issn     = {10408800},
}

@article{Gao2020a,
  title   = {{Knowledge-Guided Reinforcement Learning Control for Robotic Lower Limb Prosthesis}},
  year    = {2020},
  journal = {Proceedings - IEEE International Conference on Robotics and Automation},
  author  = {Gao, Xiang and Si, Jennie and Wen, Yue and Li, Minhan and Huang, He Helen},
  isbn    = {9781728173955},
  doi     = {10.1109/ICRA40945.2020.9196749},
  issn    = {10504729}
}

@article{Martinez-Hernandez2021,
  title     = {{Learning architecture for the recognition of walking and prediction of gait period using wearable sensors}},
  year      = {2021},
  journal   = {Neurocomputing},
  author    = {Martinez-Hernandez, Uriel and Awad, Mohammed I. and Dehghani-Sanij, Abbas A.},
  publisher = {Elsevier},
  doi       = {10.1016/j.neucom.2021.10.044},
  issn      = {09252312},
}

@article{Shin2021,
  title    = {{Locomotion mode recognition algorithm based on gaussian mixture model using imu sensors}},
  year     = {2021},
  journal  = {Sensors},
  author   = {Shin, Dongbin and Lee, Seungchan and Hwang, Seunghoon},
  number   = {8},
  volume   = {21},
  doi      = {10.3390/s21082785},
  issn     = {14248220},
}

@article{Du2021,
  title   = {{Locomotion Mode Recognition with Inertial Signals for Hip Joint Exoskeleton}},
  year    = {2021},
  journal = {Applied Bionics and Biomechanics},
  author  = {Du, Gang and Zeng, Jinchen and Gong, Cheng and Zheng, Enhao},
  volume  = {2021},
  doi     = {10.1155/2021/6673018},
  issn    = {17542103}
}

@article{Su2021,
  title    = {{Locomotion mode transition prediction based on gait-event identification using wearable sensors and multilayer perceptrons}},
  year     = {2021},
  journal  = {Sensors},
  author   = {Su, Binbin and Liu, Yi Xing and Gutierrez-Farewik, Elena M.},
  number   = {22},
  volume   = {21},
  doi      = {10.3390/s21227473},
  issn     = {14248220},
}

@article{Srisuwan2021,
  title   = {{Locomotor activities of individuals with lower-limb amputation}},
  year    = {2021},
  journal = {Prosthetics and orthotics international},
  author  = {Srisuwan, Bantoon and Klute, Glenn K.},
  number  = {3},
  volume  = {45},
  doi     = {10.1097/PXR.0000000000000009},
  issn    = {17461553},
}

@article{Hochreiter1997,
  title   = {{Long Short-Term Memory}},
  year    = {1997},
  journal = {Neural Computation},
  author  = {Hochreiter, Sepp and Schmidhuber, Jürgen},
  number  = {8},
  volume  = {9},
  doi     = {10.1162/neco.1997.9.8.1735},
  issn    = {08997667}
}

@article{Walter2022,
  title    = {{Lower Limb Amputation Rates in Germany}},
  year     = {2022},
  journal  = {Medicina},
  author   = {Walter, Nike and Alt, Volker and Rupp, Markus},
  number   = {1},
  month    = {1},
  volume   = {58},
  doi      = {10.3390/medicina58010101},
  issn     = {1648-9144},
}

@inproceedings{Samprita2020,
  title     = {{LSTM-Based Analysis of a Hip-Hop Movement}},
  year      = {2020},
  booktitle = {2020 6th International Conference on Control, Automation and Robotics (ICCAR)},
  author    = {Samprita, S and Koshy, Anitha S. and Megharjun, V N and Talasila, Viswanath},
  month     = {4},
  publisher = {IEEE},
  isbn      = {978-1-7281-6139-6},
  doi       = {10.1109/ICCAR49639.2020.9108052}
}

@article{Xia2020,
  title     = {{LSTM-CNN Architecture for Human Activity Recognition}},
  year      = {2020},
  journal   = {IEEE Access},
  author    = {Xia, Kun and Huang, Jianguang and Wang, Hanyu},
  volume    = {8},
  publisher = {IEEE},
  doi       = {10.1109/ACCESS.2020.2982225},
  issn      = {21693536},
}

@book{Mitchell1997,
  title     = {{Machine learning}},
  year      = {1997},
  booktitle = {Machine Learning},
  author    = {Mitchell, Thomas},
  publisher = {McGraw-Hill},
  isbn      = {0070428077},
}

@article{Labarriere2020,
  title    = {{Machine Learning Approaches for Activity Recognition and/or Activity Prediction in Locomotion Assistive Devices—A Systematic Review}},
  year     = {2020},
  journal  = {Sensors},
  author   = {Labarri{\`{e}}re, Floriant and Thomas, Elizabeth and Calistri, Laurine and Optasanu, Virgil and Gueugnon, Mathieu and Ornetti, Paul and Laroche, Davy},
  number   = {21},
  month    = {11},
  volume   = {20},
  doi      = {10.3390/s20216345},
  issn     = {1424-8220},
}

@article{Bhakta2020,
  title    = {{Machine Learning Model Comparisons of User Independent {\&} Dependent Intent Recognition Systems for Powered Prostheses}},
  year     = {2020},
  journal  = {IEEE Robotics and Automation Letters},
  author   = {Bhakta, Krishan and Camargo, Jonathan and Donovan, Luke and Herrin, Kinsey and Young, Aaron},
  number   = {4},
  volume   = {5},
  doi      = {10.1109/LRA.2020.3007480},
  issn     = {23773766},
}

@article{Adamczyk2015,
  title     = {{Mechanisms of gait asymmetry due to push-off deficiency in unilateral amputees}},
  year      = {2015},
  journal   = {IEEE Transactions on Neural Systems and Rehabilitation Engineering},
  author    = {Adamczyk, Peter Gabriel and Kuo, Arthur D.},
  number    = {5},
  volume    = {23},
  publisher = {IEEE},
  doi       = {10.1109/TNSRE.2014.2356722},
  issn      = {15344320},
}

@article{Rai2019a,
  title     = {{Mode-free Control of Prosthetic Lower Limbs}},
  year      = {2019},
  journal   = {2019 International Symposium on Medical Robotics, ISMR 2019},
  author    = {Rai, Vijeth and Sharma, Abhishek and Rombokas, Eric},
  publisher = {IEEE},
  isbn      = {9781538678251},
  doi       = {10.1109/ISMR.2019.8710187},
}

@online{movesensepress2022,
  title   = {{Movesense Press Images}},
  author  = {{Movesense}},
  urldate = {2022-01-13}
}

@article{Sadeghi2001,
  title    = {{Muscle power compensatory mechanisms in below-knee amputee gait}},
  year     = {2001},
  journal  = {American Journal of Physical Medicine and Rehabilitation},
  author   = {Sadeghi, Heydar and Allard, Paul and Duhaime, Morris},
  number   = {1},
  volume   = {80},
  doi      = {10.1097/00002060-200101000-00007},
  issn     = {08949115},
}

@article{Ferrari2020,
  title     = {{On the Personalization of Classification Models for Human Activity Recognition}},
  year      = {2020},
  journal   = {IEEE Access},
  author    = {Ferrari, Anna and Micucci, Daniela and Mobilio, Marco and Napoletano, Paolo},
  volume    = {8},
  publisher = {IEEE},
  doi       = {10.1109/ACCESS.2020.2973425},
  issn      = {21693536},
}

@article{Mairittha2021,
  title    = {{On-device deep personalization for robust activity data collection†}},
  year     = {2021},
  journal  = {Sensors (Switzerland)},
  author   = {Mairittha, Nattaya and Mairittha, Tittaya and Inoue, Sozo},
  number   = {1},
  volume   = {21},
  doi      = {10.3390/s21010041},
  issn     = {14248220},
}

@book{Tomanek2021,
  title     = {{On-Device Personalization of Automatic Speech Recognition Models for Disordered Speech}},
  year      = {2021},
  booktitle = {Deep Learning for Human Activity Recognition},
  author    = {Tomanek, Katrin and Beaufays, Françoise and Cattiau, Julie and Chandorkar, Angad and Sim, Khe Chai},
  editor    = {Li, Xiaoli and Wu, Min and Chen, Zhenghua and Zhang, Le},
  series    = {Communications in Computer and Information Science},
  volume    = {1370},
  publisher = {Springer Singapore},
  address   = {Singapore},
  isbn      = {978-981-16-0574-1},
  doi       = {10.1007/978-981-16-0575-8},
}

@article{Sztyler2017,
  title   = {{Online personalization of cross-subjects based activity recognition models on wearable devices}},
  year    = {2017},
  journal = {2017 IEEE International Conference on Pervasive Computing and Communications, PerCom 2017},
  author  = {Sztyler, Timo and Stuckenschmidt, Heiner},
  isbn    = {9781509043279},
  doi     = {10.1109/PERCOM.2017.7917864}
}

@article{Gorsic2014,
  title    = {{Online phase detection using wearable sensors for walking with a robotic prosthesis}},
  year     = {2014},
  journal  = {Sensors (Switzerland)},
  author   = {Gor{\v{s}}i{\v{c}}, Maja and Kamnik, Roman and Ambro{\v{z}}i{\v{c}}, Luka and Vitiello, Nicola and Lefeber, Dirk and Pasquini, Guido and Munih, Marko},
  number   = {2},
  volume   = {14},
  isbn     = {3861476835},
  doi      = {10.3390/s140202776},
  issn     = {14248220},
}

@article{Roggen2009,
  title   = {{OPPORTUNITY: Towards opportunistic activity and context recognition systems}},
  year    = {2009},
  journal = {2009 IEEE International Symposium on a World of Wireless, Mobile and Multimedia Networks and Workshops, WOWMOM 2009},
  author  = {Roggen, Daniel and F{\"{o}}rster, Kilian and Calatroni, Alberto and Holleczek, Thomas and Fang, Yu and Tr{\"{o}}ster, Gerhard and Lukowicz, Paul and Pirkl, Gerald and Bannach, David and Kunze, Kai and Ferscha, Alois and Holzmann, Clemens and Riener, Andreas and Chavarriaga, Ricardo and Del R. Mill{\'{a}}n, Jose},
  number  = {February},
  isbn    = {9781424444397},
  doi     = {10.1109/WOWMOM.2009.5282442}
}

@online{Ossur,
  title   = {{{\"{O}}ssur Iberia - Life without limitations}},
  author  = {{{\"{O}}ssur}},
  urldate = {2018-09-17}
}

@article{Nguyen2021,
  title   = {{Personalization Models for Human Activity Recognition with Distribution Matching-Based Metrics}},
  year    = {2021},
  journal = {Communications in Computer and Information Science},
  author  = {Nguyen, Huy Thong and Kwon, Hyeokhyen and Haresamudram, Harish and Peterson, Andrew F. and Pl{\"{o}}tz, Thomas},
  volume  = {1370},
  isbn    = {9789811605741},
  doi     = {10.1007/978-981-16-0575-8_4},
  issn    = {18650937}
}

@incollection{Schneider2021,
  title     = {{Personalization of Deep Learning}},
  year      = {2021},
  booktitle = {Data Science – Analytics and Applications},
  author    = {Schneider, Johannes and Vlachos, Michalis},
  publisher = {Springer Fachmedien Wiesbaden},
  address   = {Wiesbaden},
  doi       = {10.1007/978-3-658-32182-6_14},
}

@article{Fallahzadeh2017,
  title     = {{Personalization without user interruption: Boosting activity recognition in new subjects using unlabeled data}},
  year      = {2017},
  journal   = {Proceedings - 2017 ACM/IEEE 8th International Conference on Cyber-Physical Systems, ICCPS 2017 (part of CPS Week)},
  author    = {Fallahzadeh, Ramin and Ghasemzadeh, Hassan},
  publisher = {ACM},
  isbn      = {9781450349659},
  doi       = {10.1145/3055004.3055015},
}

@article{Fu2021,
  title    = {{Personalized human activity recognition based on integrated wearable sensor and transfer learning}},
  year     = {2021},
  journal  = {Sensors (Switzerland)},
  author   = {Fu, Zhongzheng and He, Xinrun and Wang, Enkai and Huo, Jun and Huang, Jian and Wu, Dongrui},
  number   = {3},
  volume   = {21},
  doi      = {10.3390/s21030885},
  issn     = {14248220},
}

@article{Cruciani2020,
  title    = {{Personalizing activity recognition with a clustering based semi-population approach}},
  year     = {2020},
  journal  = {IEEE Access},
  author   = {Cruciani, Federico and Nugent, Chris D. and Quero, Javier Medina and Cleland, Ian and McCullagh, Paul and Synnes, Kare and Hallberg, Josef},
  volume   = {8},
  doi      = {10.1109/ACCESS.2020.3038084},
  issn     = {21693536},
}

@article{Lin2014,
  title    = {{Physical activity, functional capacity, and step variability during walking in people with lower-limb amputation}},
  year     = {2014},
  journal  = {Gait and Posture},
  author   = {Lin, Suh Jen and Winston, Katie D and Mitchell, Jill and Girlinghouse, Jacob and Crochet, Karleigh},
  number   = {1},
  volume   = {40},
  doi      = {10.1016/j.gaitpost.2014.03.012},
  issn     = {18792219},
}

@article{Katevas2014,
  title    = {{Poster: SensingKit - A multi-platform mobile sensing framework for large-scale experiments}},
  year     = {2014},
  journal  = {Proceedings of the Annual International Conference on Mobile Computing and Networking, MOBICOM},
  author   = {Katevas, Kleomenis and Haddadi, Hamed and Tokarchuk, Laurissa},
  isbn     = {9781450327831},
  doi      = {10.1145/2639108.2642910},
}

@article{Au2009,
  title    = {{Powered ankle-foot prosthesis improves walking metabolic economy}},
  year     = {2009},
  journal  = {IEEE Transactions on Robotics},
  author   = {Au, Samuel K and Weber, Jeff and Herr, Hugh},
  number   = {1},
  volume   = {25},
  doi      = {10.1109/TRO.2008.2008747},
  issn     = {15523098},
}

@online{Proprio,
  title   = {{PROPRIO FOOT{\textregistered}}},
  author  = {{Ossur}},
  urldate = {2020-12-15}
}

@online{blatchford2018,
  title   = {{Prosthetic Feet - Prosthetic Product Catalogue - Blatchford}},
  author  = {{Blatchford}},
  urldate = {2021-01-28}
}

@article{Shull2014,
  title     = {{Quantified self and human movement: A review on the clinical impact of wearable sensing and feedback for gait analysis and intervention}},
  year      = {2014},
  booktitle = {Gait and Posture},
  author    = {Shull, Pete B and Jirattigalachote, Wisit and Hunt, Michael A and Cutkosky, Mark R and Delp, Scott L},
  number    = {1},
  volume    = {40},
  doi       = {10.1016/j.gaitpost.2014.03.189},
  issn      = {18792219},
}

@article{Mummolo2013,
  title    = {{Quantifying dynamic characteristics of human walking for comprehensive gait cycle}},
  year     = {2013},
  journal  = {Journal of Biomechanical Engineering},
  author   = {Mummolo, Carlotta and Mangialardi, Luigi and Kim, Joo H.},
  number   = {9},
  volume   = {135},
  doi      = {10.1115/1.4024755},
  issn     = {01480731},
}

@inproceedings{Varol2008,
  title     = {{Real-time gait mode intent recognition of a powered knee and ankle prosthesis for standing and walking}},
  year      = {2008},
  booktitle = {Proceedings of the 2nd Biennial IEEE/RAS-EMBS International Conference on Biomedical Robotics and Biomechatronics, BioRob 2008},
  author    = {Varol, Huseyin Atakan and Sup, Frank and Goldfarb, Michael},
  isbn      = {9781424428830},
  doi       = {10.1109/BIOROB.2008.4762860},
  issn      = {2155-1774},
}

@article{Xu2018,
  title     = {{Real-Time On-Board Recognition of Continuous Locomotion Modes for Amputees with Robotic Transtibial Prostheses}},
  year      = {2018},
  journal   = {IEEE Transactions on Neural Systems and Rehabilitation Engineering},
  author    = {Xu, Dongfang and Feng, Yanggang and Mai, Jingeng and Wang, Qining},
  number    = {10},
  volume    = {26},
  publisher = {IEEE},
  doi       = {10.1109/TNSRE.2018.2870152},
  issn      = {15344320},
}

@article{Hernandez2021,
  title    = {{Recent Advances on Control of Active Lower Limb Prostheses}},
  year     = {2021},
  journal  = {IETE Technical Review (Institution of Electronics and Telecommunication Engineers, India)},
  author   = {Hernandez, Ivan and Yu, Wen},
  doi      = {10.1080/02564602.2021.1994477},
  issn     = {09745971},
}

@article{Vaizman2017,
  title   = {{Recognizing detailed human context in the wild from smartphones and smartwatches}},
  year    = {2017},
  journal = {IEEE Pervasive Computing},
  author  = {Vaizman, Yonatan and Ellis, Katherine and Lanckriet, Gert},
  number  = {4},
  volume  = {16},
  doi     = {10.1109/MPRV.2017.3971131},
  issn    = {15361268},
}

@article{Tschiedel2020,
  title     = {{Relying on more sense for enhancing lower limb prostheses control: a review}},
  year      = {2020},
  journal   = {Journal of neuroengineering and rehabilitation},
  author    = {Tschiedel, Michael and Russold, Michael Friedrich and Kaniusas, Eugenijus},
  number    = {1},
  volume    = {17},
  publisher = {Journal of NeuroEngineering and Rehabilitation},
  doi       = {10.1186/s12984-020-00726-x},
  issn      = {17430003},
}

@article{Bengio2013,
  title     = {{Representation learning: A review and new perspectives}},
  year      = {2013},
  journal   = {IEEE Transactions on Pattern Analysis and Machine Intelligence},
  author    = {Bengio, Yoshua and Courville, Aaron and Vincent, Pascal},
  number    = {8},
  volume    = {35},
  publisher = {IEEE},
  doi       = {10.1109/TPAMI.2013.50},
  issn      = {01628828},
}

@article{Li2019,
  title    = {{Segmentation and Recognition of Basic and Transitional Activities for Continuous Physical Human Activity}},
  year     = {2019},
  journal  = {IEEE Access},
  author   = {Li, Jun Huai and Tian, Ling and Wang, Huaijun and An, Yang and Wang, Kan and Yu, Lei},
  volume   = {7},
  doi      = {10.1109/ACCESS.2019.2905575},
  issn     = {21693536},
}

@article{Chung2019,
  title    = {{Sensor data acquisition and multimodal sensor fusion for human activity recognition using deep learning}},
  year     = {2019},
  journal  = {Sensors (Switzerland)},
  author   = {Chung, Seungeun and Lim, Jiyoun and Noh, Kyoung Ju and Kim, Gague and Jeong, Hyuntae},
  number   = {7},
  volume   = {19},
  doi      = {10.3390/s19071716},
  issn     = {14248220},
}

@article{Mekruksavanich2020,
  title    = {{Smartwatch-based Human Activity Recognition Using Hybrid LSTM Network}},
  year     = {2020},
  journal  = {Proceedings of IEEE Sensors},
  author   = {Mekruksavanich, Sakorn and Jitpattanakul, Anuchit},
  volume   = {2020-Octob},
  isbn     = {9781728168012},
  doi      = {10.1109/SENSORS47125.2020.9278630},
  issn     = {21689229},
}

@article{Coley2005,
  title    = {{Stair climbing detection during daily physical activity using a miniature gyroscope}},
  year     = {2005},
  journal  = {Gait {\&} Posture},
  author   = {Coley, Brian and Najafi, Bijan and Paraschiv-Ionescu, Anisoara and Aminian, Kamiar},
  number   = {4},
  volume   = {22},
  doi      = {10.1016/j.gaitpost.2004.08.008},
  issn     = {09666362},
}

@article{Svensson2007,
  title   = {{Stair Gait Classification from Kinematic Sensors}},
  year    = {2007},
  journal = {Rehabilitation Robotics},
  author  = {Svensson, Wolfgang and Holmberg, Ulf},
  doi     = {10.5772/5178}
}

@article{Hak2014,
  title   = {{Stepping asymmetry among individuals with unilateral transtibial limb loss might be functional in terms of gait stability}},
  year    = {2014},
  journal = {Physical Therapy},
  author  = {Hak, Laura and Van Die{\"{e}}n, Jaap H. and Van Der Wurff, Peter and Houdijk, Han},
  number  = {10},
  volume  = {94},
  doi     = {10.2522/ptj.20130431},
  issn    = {15386724},
}

@article{Simon2013,
  title     = {{Strategies to reduce the configuration time for a powered knee and ankle prosthesis across multiple ambulation modes}},
  year      = {2013},
  journal   = {IEEE International Conference on Rehabilitation Robotics},
  author    = {Simon, Ann M. and Fey, Nicholas P. and Finucane, Suzanne B. and Lipschutz, Robert D. and Hargrove, Levi J.},
  publisher = {IEEE},
  isbn      = {9781467360241},
  doi       = {10.1109/ICORR.2013.6650371},
  issn      = {19457898},
}

@article{Dehghani2019,
  title    = {{Subject Cross Validation in Human Activity Recognition}},
  year     = {2019},
  journal  = {CoRR},
  author   = {Dehghani, Akbar and Glatard, Tristan and Shihab, Emad},
  month    = {4},
  volume   = {abs/1904.0},
}

@book{Graves2012,
  title     = {{Supervised Sequence Labelling with Recurrent Neural Networks}},
  year      = {2012},
  author    = {Graves, Alex},
  number    = {5},
  series    = {Studies in Computational Intelligence},
  volume    = {385},
  publisher = {Springer Berlin Heidelberg},
  address   = {Berlin, Heidelberg},
  isbn      = {2000201075},
  doi       = {10.1007/978-3-642-24797-2},
  issn      = {01406736},
}

@article{Ochoa-Diaz2020,
  title    = {{Symmetry analysis of amputee gait based on body center of mass trajectory and discrete fourier transform}},
  year     = {2020},
  journal  = {Sensors (Switzerland)},
  author   = {Ochoa-Diaz, Claudia and B{\'{o}}, Antônio Padilha L.},
  number   = {8},
  volume   = {20},
  doi      = {10.3390/s20082392},
  issn     = {14248220},
}

@article{Stewart2008,
  title   = {{Synopsis of Causation Lower Limb Amputation}},
  year    = {2008},
  journal = {Ministry Of Defence},
  author  = {Stewart, C},
  number  = {September 2008},
}

@article{Novacheck1998,
  title   = {{The biomechanics of running}},
  year    = {1998},
  journal = {Gait {\&} Posture},
  author  = {Novacheck, Tom F},
  number  = {1},
  month   = {1},
  volume  = {7},
  doi     = {10.1016/S0966-6362(97)00038-6},
  issn    = {09666362}
}

@article{Yu2019,
  title     = {{The Design, Control, and Testing of an Integrated Electrohydrostatic Powered Ankle Prosthesis}},
  year      = {2019},
  journal   = {IEEE/ASME Transactions on Mechatronics},
  author    = {Yu, Tian and Plummer, Andrew R. and Iravani, Pejman and Bhatti, Jawaad and Zahedi, Saeed and Moser, David},
  number    = {3},
  volume    = {24},
  publisher = {IEEE},
  doi       = {10.1109/TMECH.2019.2911685},
  issn      = {10834435},
}

@article{Kimel-Naor2017,
  title    = {{The effect of uphill and downhill walking on gait parameters: A self-paced treadmill study}},
  year     = {2017},
  journal  = {Journal of Biomechanics},
  author   = {Kimel-Naor, Shani and Gottlieb, Amihai and Plotnik, Meir},
  volume   = {60},
  doi      = {10.1016/j.jbiomech.2017.06.030},
  issn     = {18732380},
}

@article{Franz2012a,
  title     = {{The effects of grade and speed on leg muscle activations during walking}},
  year      = {2012},
  journal   = {Gait and Posture},
  author    = {Franz, Jason R. and Kram, Rodger},
  number    = {1},
  volume    = {35},
  publisher = {Elsevier B.V.},
  doi       = {10.1016/j.gaitpost.2011.08.025},
  issn      = {09666362},
}

@article{Lay2007,
  title    = {{The effects of sloped surfaces on locomotion: An electromyographic analysis}},
  year     = {2007},
  journal  = {Journal of Biomechanics},
  author   = {Lay, Andrea N. and Hass, Chris J. and Richard Nichols, T. and Gregor, Robert J.},
  number   = {6},
  volume   = {40},
  doi      = {10.1016/j.jbiomech.2006.05.023},
  issn     = {00219290},
}

@article{Shah2020,
  title     = {{The gait cycle and its variations with disease and injury}},
  year      = {2020},
  journal   = {Orthopaedics and Trauma},
  author    = {Shah, Kanishk and Solan, Matthew and Dawe, Edward},
  number    = {3},
  volume    = {34},
  publisher = {Elsevier Ltd},
  doi       = {10.1016/j.mporth.2020.03.009},
  issn      = {18771335},
}

@article{Burkov2019,
  title   = {{The hundred-page machine learning book}},
  year    = {2019},
  journal = {Expert Systems},
  author  = {Burkov, Andriy},
  month   = {5},
  issn    = {9781999579517}
}

@article{Vavoulas2016,
  title    = {{The MobiAct dataset: Recognition of activities of daily living using smartphones}},
  year     = {2016},
  journal  = {ICT4AWE 2016 - 2nd International Conference on Information and Communication Technologies for Ageing Well and e-Health, Proceedings},
  author   = {Vavoulas, George and Chatzaki, Charikleia and Malliotakis, Thodoris and Pediaditis, Matthew and Tsiknakis, Manolis},
  number   = {Ict4awe},
  isbn     = {9789897581809},
  doi      = {10.5220/0005792401430151},
}

@article{Griffin2012,
  title   = {{Toe Amputation: A predictor of future limb loss?}},
  year    = {2012},
  journal = {Journal of Diabetes and its Complications},
  author  = {Griffin, Kathryn J and Rashid, Tawqeer S and Bailey, Marc A and Bird, Sarah A and Bridge, Katherine and Scott, Julian D.A.},
  number  = {3},
  volume  = {26},
  doi     = {10.1016/j.jdiacomp.2012.03.003},
  issn    = {10568727},
}

@article{Shor2020,
  title   = {{Towards learning a universal non-semantic representation of speech}},
  year    = {2020},
  journal = {Proceedings of the Annual Conference of the International Speech Communication Association, INTERSPEECH},
  author  = {Shor, Joel and Jansen, Aren and Maor, Ronnie and Lang, Oran and Tuval, Omry and de Chaumont Quitry, Félix and Tagliasacchi, Marco and Shavitt, Ira and Emanuel, Dotan and Haviv, Yinnon},
  volume  = {2020-Octob},
  doi     = {10.21437/Interspeech.2020-1242},
  issn    = {19909772},
}

@article{Sherratt2021,
  title   = {{Understanding LSTM Network Behaviour of IMU-Based}},
  year    = {2021},
  journal = {Sensors},
  author  = {Sherratt, Freddie and Plummer, Andrew and Iravani, Pejman},
  number  = {1264},
  volume  = {21},
  isbn    = {1225384494},
  doi     = {10.3390/s21041264}
}

@online{Olah2015,
  title   = {{Understanding LSTM Networks [Blog]}},
  year    = {2015},
  author  = {Olah, Christopher},
  urldate = {2020-06-24}
}

@book{Shalev-Shwartz2014,
  title     = {{Understanding machine learning: From theory to algorithms}},
  year      = {2014},
  booktitle = {Understanding Machine Learning: From Theory to Algorithms},
  author    = {Shalev-Shwartz, Shai and Ben-David, Shai},
  publisher = {Cambridge University Press},
  address   = {Cambridge},
  isbn      = {9781107298019},
  doi       = {10.1017/CBO9781107298019}
}

@article{Glorot2010,
  title   = {{Understanding the difficulty of training deep feedforward neural networks}},
  year    = {2010},
  journal = {Journal of Machine Learning Research},
  author  = {Glorot, Xavier and Bengio, Yoshua},
  volume  = {9},
  issn    = {15324435}
}

@article{Micucci2017,
  title    = {{UniMiB SHAR: A dataset for human activity recognition using acceleration data from smartphones}},
  year     = {2017},
  journal  = {Applied Sciences (Switzerland)},
  author   = {Micucci, Daniela and Mobilio, Marco and Napoletano, Paolo},
  number   = {10},
  volume   = {7},
  doi      = {10.3390/app7101101},
  issn     = {20763417},
}

@article{Montgomery2018,
  title    = {{Use of a powered ankle–foot prosthesis reduces the metabolic cost of uphill walking and improves leg work symmetry in people with transtibial amputations}},
  year     = {2018},
  journal  = {Journal of the Royal Society Interface},
  author   = {Montgomery, Jana R. and Grabowski, Alena M.},
  number   = {145},
  volume   = {15},
  doi      = {10.1098/rsif.2018.0442},
  issn     = {17425662},
}

@article{Mireshghallah2021,
  title   = {{UserIdentifier: Implicit User Representations for Simple and Effective Personalized Sentiment Analysis}},
  year    = {2021},
  author  = {Mireshghallah, Fatemehsadat and Shrivastava, Vaishnavi and Shokouhi, Milad and Berg-Kirkpatrick, Taylor and Sim, Robert and Dimitriadis, Dimitrios},
}

@article{Gregg2014,
  title    = {{Virtual constraint control of a powered prosthetic leg: From simulation to experiments with transfemoral amputees}},
  year     = {2014},
  journal  = {IEEE Transactions on Robotics},
  author   = {Gregg, Robert D. and Lenzi, Tommaso and Hargrove, Levi J. and Sensinger, Jonathon W.},
  number   = {6},
  volume   = {30},
  doi      = {10.1109/TRO.2014.2361937},
  issn     = {15523098},
}

@article{Matsumoto2017,
  title    = {{Walking uphill and downhill: Redirected walking in the vertical direction}},
  year     = {2017},
  journal  = {ACM SIGGRAPH 2017 Posters, SIGGRAPH 2017},
  author   = {Matsumoto, Keigo and Narumi, Takuji and Tanikawa, Tomohiro and Hirose, Michitaka},
  isbn     = {9781450350150},
  doi      = {10.1145/3102163.3102227},
}

@article{Wang2020,
  title   = {{Wearable Sensor-Based Human Activity Recognition Using Hybrid Deep Learning Techniques}},
  year    = {2020},
  journal = {Security and Communication Networks},
  author  = {Wang, Huaijun and Zhao, Jing and Li, Junhuai and Tian, Ling and Tu, Pengjia and Cao, Ting and An, Yang and Wang, Kan and Li, Shancang},
  month   = {7},
  volume  = {2020},
  doi     = {10.1155/2020/2132138},
  issn    = {19390122}
}

@book{Whittle2012,
  title     = {{Whittle's Gait analysis}},
  year      = {2012},
  author    = {Whittle, Michael and Levine, David and Richards, Jim},
  edition   = {5th ed.},
  publisher = {Churchill Livingstone Elsevier},
  address   = {Edinburgh},
  isbn      = {9780702042652},
  language  = {eng}
}

