@article{Priya2021,
    title = {{ Deep long and short term memory based Red Fox optimization algorithm for diabetic retinopathy detection and classification }},
    year = {2021},
    journal = {International Journal for Numerical Methods in Biomedical Engineering},
    author = {Priya, Raju and Sivarani, Thankamony and Saravanan, Athimoolam},
    number = {December},
    pages = {1--18},
    doi = {10.1002/cnm.3560},
    issn = {2040-7939}
}

@article{Mariani2010,
    title = {{3D gait assessment in young and elderly subjects using foot-worn inertial sensors}},
    year = {2010},
    journal = {Journal of Biomechanics},
    author = {Mariani, Benoit and Hoskovec, Constanze and Rochat, Stephane and B{\"{u}}la, Christophe and Penders, Julien and Aminian, Kamiar},
    number = {15},
    pages = {2999--3006},
    volume = {43},
    isbn = {1873-2380 (Electronic){\textbackslash}r0021-9290 (Linking)},
    doi = {10.1016/j.jbiomech.2010.07.003},
    issn = {00219290},
    pmid = {20656291},
    keywords = {3D gait analysis, Elderly, Foot clearance, Inertial sensors, Turning}
}

@incollection{Farahani2021,
    title = {{A Brief Review of Domain Adaptation}},
    year = {2021},
    booktitle = {Advances in Data Science and Information Engineering},
    author = {Farahani, Abolfazl and Voghoei, Sahar and Rasheed, Khaled and Arabnia, Hamid R.},
    editor = {Tahlbock, Robert and Weiss, Gary M. and Abou-Nasr, Mahmoud and Yang, Cheng-Ying and Arabnia, Hamid R.},
    pages = {877--894},
    publisher = {Springer International Publishing},
    url = {https://link.springer.com/10.1007/978-3-030-71704-9_65},
    isbn = {9783030717049},
    doi = {10.1007/978-3-030-71704-9{\_}65},
    arxivId = {2010.03978}
}

@article{Su2019,
    title = {{A cnn-based method for intent recognition using inertial measurement units and intelligent lower limb prosthesis}},
    year = {2019},
    journal = {IEEE Transactions on Neural Systems and Rehabilitation Engineering},
    author = {Su, Ben Yue and Wang, Jie and Liu, Shuang Qing and Sheng, Min and Jiang, Jing and Xiang, Kui},
    number = {5},
    pages = {1032--1042},
    volume = {27},
    publisher = {IEEE},
    doi = {10.1109/TNSRE.2019.2909585},
    issn = {15580210},
    pmid = {30969928},
    keywords = {Intent recognition, convolutional neural networks (CNN), inertial measurement unit (IMU), lower limb prosthesis, swing phase}
}

@article{Su2019b,
    title = {{A cnn-based method for intent recognition using inertial measurement units and intelligent lower limb prosthesis}},
    year = {2019},
    journal = {IEEE Transactions on Neural Systems and Rehabilitation Engineering},
    author = {Su, Ben Yue and Wang, Jie and Liu, Shuang Qing and Sheng, Min and Jiang, Jing and Xiang, Kui},
    number = {5},
    pages = {1032--1042},
    volume = {27},
    publisher = {IEEE},
    doi = {10.1109/TNSRE.2019.2909585},
    issn = {15580210},
    pmid = {30969928},
    keywords = {Intent recognition, convolutional neural networks (CNN), inertial measurement unit (IMU), lower limb prosthesis, swing phase}
}

@article{Mutegeki2020,
    title = {{A CNN-LSTM Approach to Human Activity Recognition}},
    year = {2020},
    journal = {2020 International Conference on Artificial Intelligence in Information and Communication, ICAIIC 2020},
    author = {Mutegeki, Ronald and Han, Dong Seog},
    pages = {362--366},
    publisher = {IEEE},
    isbn = {9781728149851},
    doi = {10.1109/ICAIIC48513.2020.9065078},
    keywords = {CNN-LSTM, Convolutional neural network (CNN), Human activity recognition (HAR), Long short-term memory network (LSTM), UCI HAR dataset, deep learning}
}

@article{Abbaspour2020,
    title = {{A comparative analysis of hybrid deep learning models for human activity recognition}},
    year = {2020},
    journal = {Sensors (Switzerland)},
    author = {Abbaspour, Saedeh and Fotouhi, Faranak and Sedaghatbaf, Ali and Fotouhi, Hossein and Vahabi, Maryam and Linden, Maria},
    number = {19},
    pages = {1--14},
    volume = {20},
    doi = {10.3390/s20195707},
    issn = {14248220},
    pmid = {33036479},
    keywords = {Convolutional neural nets, Deep learning, Gated recurrent unit, Human activity recognition, Long short-term memory}
}

@article{Nikam2015,
    title = {{A Comparative Study of Classification Techniques in Data Mining Algorithms}},
    year = {2015},
    journal = {Oriental Journal of Computer Science {\&} Technology},
    author = {Nikam, Sagar S},
    number = {1},
    pages = {13--19},
    volume = {8},
    url = {https://pdfs.semanticscholar.org/7c97/57ee09afa570db37f04e3b6cc4da0e2f3571.pdf%0Awww.computerscijournal.org},
    doi = {0974-6471},
    issn = {0974-6471},
    keywords = {ann, c4.5, id3, k-nearest neighbour, naive bayes, svm}
}

@article{Greene2012,
    title = {{A Comparison of Algorithms for Body-Worn Sensor Based Spatio-Temporal Gait Parameters to the GAITRite Electronic Walkway A comparison of algorithms for body-worn sensor based spatio-temporal gait parameters to the GAITRite electronic walkway Abstract}},
    year = {2012},
    author = {Greene, Barry R and Labs, Intel and Kildare, Co},
    number = {July 2012},
    pages = {1--19},
    keywords = {body-worn sensors, gait analysis, gaitrite, shimmer}
}

@article{Fluit2020,
    title = {{A Comparison of Control Strategies in Commercial and Research Knee Prostheses}},
    year = {2020},
    journal = {IEEE Transactions on Biomedical Engineering},
    author = {Fluit, Rene and Prinsen, Erik C. and Wang, Shiqian and Van Der Kooij, Herman},
    number = {1},
    month = {1},
    pages = {277--290},
    volume = {67},
    url = {http://www.ncbi.nlm.nih.gov/pubmed/31021749 https://ieeexplore.ieee.org/document/8695041/},
    doi = {10.1109/TBME.2019.2912466},
    issn = {15582531},
    pmid = {31021749},
    keywords = {Knee prosthesis, intent recognition, slope adaptation, speed adaptation, walking controller}
}

@article{Zhuang2021,
    title = {{A Comprehensive Survey on Transfer Learning}},
    year = {2021},
    journal = {Proceedings of the IEEE},
    author = {Zhuang, Fuzhen and Qi, Zhiyuan and Duan, Keyu and Xi, Dongbo and Zhu, Yongchun and Zhu, Hengshu and Xiong, Hui and He, Qing},
    number = {1},
    pages = {43--76},
    volume = {109},
    doi = {10.1109/JPROC.2020.3004555},
    issn = {15582256},
    arxivId = {1911.02685},
    keywords = {Domain adaptation, interpretation, machine learning, transfer learning}
}

@article{Burkett2004,
    title = {{A Computer Model to Simulate the Swing Phase of a Transfemoral Prosthesis}},
    year = {2004},
    journal = {Journal of Applied Biomechanics},
    author = {Burkett, Brendan and Smeathers, James and Barker, Timothy M.},
    number = {1},
    pages = {25--37},
    volume = {20},
    doi = {10.1123/jab.20.1.25},
    issn = {10658483},
    keywords = {Biomechanics, Gait, Mathematical modeling}
}

@article{Farahani2020,
    title = {{A Concise Review of Transfer Learning}},
    year = {2020},
    journal = {Proceedings - 2020 International Conference on Computational Science and Computational Intelligence, CSCI 2020},
    author = {Farahani, Abolfazl and Pourshojae, Behrouz and Rasheed, Khaled and Arabnia, Hamid R.},
    pages = {344--351},
    publisher = {IEEE},
    isbn = {9781728176246},
    doi = {10.1109/CSCI51800.2020.00065},
    arxivId = {2104.02144},
    keywords = {Data Mining, Domain Adaptation, Machine Learning, Transfer Learning}
}

@article{Ihianle2020,
    title = {{A Deep Learning Approach for Human Activities Recognition From Multimodal Sensing Devices}},
    year = {2020},
    journal = {IEEE Access},
    author = {Ihianle, Isibor Kennedy and Nwajana, Augustine O. and Ebenuwa, Solomon Henry and Otuka, Richard I. and Owa, Kayode and Orisatoki, Mobolaji O.},
    pages = {179028--179038},
    volume = {8},
    doi = {10.1109/access.2020.3027979},
    issn = {2169-3536}
}

@article{Ponce2016,
    title = {{A flexible approach for human activity recognition using artificial hydrocarbon networks}},
    year = {2016},
    journal = {Sensors (Switzerland)},
    author = {Ponce, Hiram and Miralles-Pechu{\'{a}}n, Luis and De Lourdes Mart{\'{i}}nez-Villase{\~{n}}or, Mar√≠a},
    number = {11},
    pages = {1--24},
    volume = {16},
    doi = {10.3390/s16111715},
    issn = {14248220},
    pmid = {27792136},
    keywords = {Artificial hydrocarbon networks, Artificial organic networks, Flexibility, Flexible human activity recognition, Supervised machine learning, Wearable sensors}
}

@article{Wang2018,
    title = {{A flexible lower extremity exoskeleton robot with deep locomotion mode identification}},
    year = {2018},
    journal = {Complexity},
    author = {Wang, Can and Wu, Xinyu and Ma, Yue and Wu, Guizhong and Luo, Yuhao},
    volume = {2018},
    doi = {10.1155/2018/5712108},
    issn = {10990526}
}

@article{Godiyal2018,
    title = {{A force myography-based system for gait event detection in overground and ramp walking}},
    year = {2018},
    journal = {IEEE Transactions on Instrumentation and Measurement},
    author = {Godiyal, Anoop Kant and Verma, Hemant Kumar and Khanna, Nitin and Joshi, Deepak},
    number = {10},
    pages = {2314--2323},
    volume = {67},
    publisher = {IEEE},
    doi = {10.1109/TIM.2018.2816799},
    issn = {00189456},
    keywords = {Force myography (FMG), gait cycle, heel strike (HS), locomotion, toe-off (TO), transitions}
}

@article{Rai2019b,
    title = {{A framework for mode-free prosthetic control for unstructured terrains}},
    year = {2019},
    journal = {IEEE International Conference on Rehabilitation Robotics},
    author = {Rai, Vijeth and Rombokas, Eric},
    pages = {796--802},
    volume = {2019-June},
    publisher = {IEEE},
    isbn = {9781728127552},
    doi = {10.1109/ICORR.2019.8779439},
    issn = {19457901},
    pmid = {31374728}
}

@article{Sahoo2020,
    title = {{A geometry recognition-based strategy for locomotion transitions early prediction of prosthetic devices}},
    year = {2020},
    journal = {IEEE Transactions on Instrumentation and Measurement},
    author = {Sahoo, Saikat and Maheshwari, Madhav and Pratihar, Dilip Kumar and Mukhopadhyay, Sudipta},
    number = {4},
    pages = {1259--1267},
    volume = {69},
    publisher = {IEEE},
    doi = {10.1109/TIM.2019.2909246},
    issn = {15579662},
    keywords = {Locomotion mode recognition, prosthetic and assistive device, rehabilitation robotics, wearable robotics}
}

@article{Mannini2011,
    title = {{A hidden Markov model-based technique for gait segmentation using a foot-mounted gyroscope}},
    year = {2011},
    journal = {Proceedings of the Annual International Conference of the IEEE Engineering in Medicine and Biology Society, EMBS},
    author = {Mannini, Andrea and Sabatini, Angelo Maria},
    pages = {4369--4373},
    isbn = {9781424441211},
    doi = {10.1109/IEMBS.2011.6091084},
    issn = {1557170X},
    pmid = {22255307},
    keywords = {Biomedical signal classification, Markov models in signal pattern classification}
}

@book{Kirkup2007,
    title = {{A History of Limb Amputation}},
    year = {2007},
    booktitle = {A History of Limb Amputation},
    author = {Kirkup, John},
    publisher = {Springer London},
    address = {London},
    isbn = {978-1-84628-443-4},
    doi = {10.1007/978-1-84628-509-7}
}

@article{Scholl2015,
    title = {{A laboratory system for capturing and guiding experiments}},
    year = {2015},
    journal = {UbiComp 2015 - Proceedings of the 2015 ACM International Joint Conference on Pervasive and Ubiquitous Computing},
    author = {Scholl, Philipp M. and Wille, Matthias and Van Laerhoven, Kristof},
    pages = {589--599},
    isbn = {9781450335744},
    doi = {10.1145/2750858.2807547},
    keywords = {Activity Recognition, Google Glass, Hands-free Documentation, Life Science, Wet Lab, Wrist-Worn Inertial Sensors}
}

@article{Agarwal2020,
    title = {{A Lightweight Deep Learning Model for Human Activity Recognition on Edge Devices}},
    year = {2020},
    journal = {Procedia Computer Science},
    author = {Agarwal, Preeti and Alam, Mansaf},
    number = {2019},
    pages = {2364--2373},
    volume = {167},
    publisher = {Elsevier B.V.},
    url = {https://doi.org/10.1016/j.procs.2020.03.289},
    doi = {10.1016/j.procs.2020.03.289},
    issn = {18770509},
    arxivId = {1909.12917},
    keywords = {Deep Learning, Edge Computing, Human Activity Recognition(HAR), Lightweight Model}
}

@article{Begg2005,
    title = {{A machine learning approach for automated recognition of movement patterns using basic, kinetic and kinematic gait data}},
    year = {2005},
    journal = {Journal of Biomechanics},
    author = {Begg, R and Kamruzzaman, J},
    number = {3},
    pages = {401--408},
    volume = {38},
    isbn = {0021-9290},
    doi = {10.1016/j.jbiomech.2004.05.002},
    issn = {00219290},
    pmid = {15652537},
    keywords = {Elderly, Gait, Gait classification, Support vector machine}
}

@article{Mannini2016,
    title = {{A Machine Learning Framework for Gait Classification Using Inertial Sensors: Application to Elderly, Post-Stroke and Huntington‚Äôs Disease Patients}},
    year = {2016},
    journal = {Sensors},
    author = {Mannini, Andrea and Trojaniello, Diana and Cereatti, Andrea and Sabatini, Angelo},
    number = {2},
    pages = {134},
    volume = {16},
    doi = {10.3390/s16010134},
    issn = {1424-8220},
    pmid = {26805847},
    keywords = {Huntington‚Äôs disease, elderly, gait classification, hemiparetic, hidden Markov model, inertial sensors, wearable sensors}
}

@article{Rainoldi2004,
    title = {{A method for positioning electrodes during surface EMG recordings in lower limb muscles}},
    year = {2004},
    journal = {Journal of Neuroscience Methods},
    author = {Rainoldi, A. and Melchiorri, G. and Caruso, I.},
    number = {1},
    pages = {37--43},
    volume = {134},
    doi = {10.1016/j.jneumeth.2003.10.014},
    issn = {01650270},
    pmid = {15102501},
    keywords = {EMG variables, Electrode positioning, Electromyography, Innervation zone, Lower limb muscles, Standardization}
}

@article{Ferrari2016,
    title = {{A mobile Kalman-filter based solution for the real-time estimation of spatio-temporal gait parameters}},
    year = {2016},
    journal = {IEEE Transactions on Neural Systems and Rehabilitation Engineering},
    author = {Ferrari, Alberto and Ginis, Pieter and Hardegger, Michael and Casamassima, Filippo and Rocchi, Laura and Chiari, Lorenzo},
    number = {7},
    pages = {764--773},
    volume = {24},
    isbn = {1534-4320},
    doi = {10.1109/TNSRE.2015.2457511},
    issn = {15344320},
    pmid = {26259246},
    keywords = {Gait analysis, Kalman filter, Parkinson's disease, inertial sensors, mobile health, sensor fusion, spatio-temporal gait parameters}
}

@article{Yu2018,
    title = {{A Multi-Layer Parallel LSTM Network for Human Activity Recognition with Smartphone Sensors}},
    year = {2018},
    journal = {2018 10th International Conference on Wireless Communications and Signal Processing, WCSP 2018},
    author = {Yu, Tao and Chen, Jianxin and Yan, Na and Liu, Xipeng},
    publisher = {IEEE},
    isbn = {9781538661192},
    doi = {10.1109/WCSP.2018.8555945},
    keywords = {deep learning, human activity recognition, parallel LSTM network, smartphone sensor}
}

@article{Liu2021,
    title = {{A Muscle Synergy-Inspired Method of Detecting Human Movement Intentions Based on Wearable Sensor Fusion}},
    year = {2021},
    journal = {IEEE Transactions on Neural Systems and Rehabilitation Engineering},
    author = {Liu, Yi Xing and Wang, Ruoli and Gutierrez-Farewik, Elena M.},
    pages = {1089--1098},
    volume = {29},
    publisher = {IEEE},
    doi = {10.1109/TNSRE.2021.3087135},
    issn = {15580210},
    pmid = {34097615},
    keywords = {Intent recognition, locomotion modes identification, muscle synergies, robotic exoskeletons, sensor fusion}
}

@article{Bejarano2015,
    title = {{A novel adaptive, real-time algorithm to detect gait events from wearable sensors}},
    year = {2015},
    journal = {IEEE Transactions on Neural Systems and Rehabilitation Engineering},
    author = {Bejarano, Noelia Chia and Ambrosini, Emilia and Pedrocchi, Alessandra and Ferrigno, Giancarlo and Monticone, Marco and Ferrante, Simona},
    number = {3},
    pages = {413--422},
    volume = {23},
    isbn = {9783319008455},
    doi = {10.1109/TNSRE.2014.2337914},
    issn = {15344320},
    pmid = {25069118},
    keywords = {Ambulatory gait system, Hemiparetic gait, Inertial and magnetic sensors, Real-time signal processing, Temporal gait parameters}
}

@article{Hamayel2021,
    title = {{A Novel Cryptocurrency Price Prediction Model Using GRU, LSTM and bi-LSTM Machine Learning Algorithms}},
    year = {2021},
    journal = {Ai},
    author = {Hamayel, Mohammad J. and Owda, Amani Yousef},
    number = {4},
    pages = {477--496},
    volume = {2},
    doi = {10.3390/ai2040030},
    keywords = {ai, artificial intelligence, blockchain, cryptocurrency, cryptography, machine learning}
}

@article{Hu2021,
    title = {{A novel fusion strategy for locomotion activity recognition based on multimodal signals}},
    year = {2021},
    journal = {Biomedical Signal Processing and Control},
    author = {Hu, Fo and Wang, Hong and Feng, Naishi and Zhou, Bin and Wei, Chunfeng and Lu, Yan Zheng and Qi, Yangyang and Jia, Xiaocong and Tang, Hao and Gouda, Mohamed Amin},
    number = {September 2020},
    volume = {67},
    doi = {10.1016/j.bspc.2021.102524},
    issn = {17468108},
    keywords = {Bi-directional Long short-term memory, Canonical correlation analysis, Convolutional neural network, Gait events, Locomotion activities, Multimodal signals}
}

@incollection{Cheng2019,
    title = {{A novel process monitoring approach based on Feature Points Distance Dynamic Autoencoder}},
    year = {2019},
    booktitle = {Computer Aided Chemical Engineering},
    author = {Cheng, Feifan and Zhao, Jinsong},
    pages = {757--762},
    volume = {46},
    url = {https://reader.elsevier.com/reader/sd/pii/B9780128186343501272?token=1966807BE7A902CBEEE21553A64C2349CCB65C496F1CE42487802DD804D4AE3D109624B7473BE8617999BC5269DABCA3},
    doi = {10.1016/B978-0-12-818634-3.50127-2},
    issn = {15707946},
    keywords = {Alarm management, Deep learning, Dynamics, Process monitoring}
}

@article{Chen2022,
    title = {{A Piecewise Monotonic Gait Phase Estimation Model for Controlling a Powered Transfemoral Prosthesis in Various Locomotion Modes}},
    year = {2022},
    author = {Chen, Xinxing and Chen, Chuheng and Wang, Yuxuan and Yang, Bowen and Ma, Teng and Leng, Yuquan and Fu, Chenglong},
    number = {4},
    pages = {9549--9556},
    volume = {7},
    publisher = {IEEE},
    url = {http://arxiv.org/abs/2207.12074%0Ahttp://dx.doi.org/10.1109/LRA.2022.3191945},
    isbn = {2018101110},
    doi = {10.1109/LRA.2022.3191945},
    arxivId = {2207.12074}
}

@article{Tong1999,
    title = {{A practical gait analysis system using gyroscopes}},
    year = {1999},
    journal = {Medical Engineering and Physics},
    author = {Tong, Kaiyu and Granat, Malcolm H.},
    number = {2},
    pages = {87--94},
    volume = {21},
    doi = {10.1016/S1350-4533(99)00030-2},
    issn = {13504533},
    pmid = {10426508},
    keywords = {Ambulatory monitor, Gait analysis, Gyroscope, Sensors}
}

@article{Cicuttin2016,
    title = {{A programmable System-on-Chip based digital pulse processing for high resolution X-ray spectroscopy}},
    year = {2016},
    journal = {2016 International Conference on Advances in Electrical, Electronic and Systems Engineering, ICAEES 2016},
    author = {Cicuttin, Andres and Crespo, Maria Liz and Mannatunga, Kasun Sameera and Garcia, Victor Villaverde and Baldazzi, Giuseppe and Rignanese, Luigi Pio and Ahangarianabhari, Mahdi and Bertuccio, Giuseppe and Fabiani, Sergio and Rachevski, Alexander and Rashevskaya, Irina and Vacchi, Andrea and Zampa, Gianluigi and Zampa, Nicola and Bellutti, Pierluigi and Picciotto, Antonino and Piemonte, Claudio and Zorzi, Nicola},
    pages = {520--525},
    volume = {15},
    isbn = {9781509028894},
    doi = {10.1109/ICAEES.2016.7888100},
    keywords = {Digital Pulse Processing, Digital Spectroscopy, FPGA, Frontend Electronics, Programmable Logic, Reconfigurable Instrumentation, Silicon Drift Detectors, Single Photon Detection, System-On-Chip, X-Ray Fluorescence}
}

@inproceedings{Anguita2013,
    title = {{A public domain dataset for human activity recognition using smartphones}},
    year = {2013},
    booktitle = {ESANN 2013 proceedings, 21st European Symposium on Artificial Neural Networks, Computational Intelligence and Machine Learning},
    author = {Anguita, Davide and Ghio, Alessandro and Oneto, Luca and Parra, Xavier and Reyes-Ortiz, Jorge L.},
    number = {April},
    pages = {437--442},
    isbn = {9782874190810}
}

@article{Garcia-Gonzalez2020,
    title = {{A public domain dataset for real-life human activity recognition using smartphone sensors}},
    year = {2020},
    journal = {Sensors (Switzerland)},
    author = {Garcia-Gonzalez, Daniel and Rivero, Daniel and Fernandez-Blanco, Enrique and Luaces, Miguel R.},
    number = {8},
    volume = {20},
    doi = {10.3390/s20082200},
    issn = {14248220},
    pmid = {32295028},
    keywords = {Dataset, HAR, Human activity recognition, SVM, Sensors, Smartphones}
}

@article{Maqbool2017,
    title = {{A Real-Time Gait Event Detection for Lower Limb Prosthesis Control and Evaluation}},
    year = {2017},
    journal = {IEEE Transactions on Neural Systems and Rehabilitation Engineering},
    author = {Maqbool, H. F. and Husman, M. A.B. and Awad, M. I. and Abouhossein, A. and Iqbal, Nadeem and Dehghani-Sanij, A. A.},
    number = {9},
    pages = {1500--1509},
    volume = {25},
    isbn = {1534-4320 VO  - PP},
    doi = {10.1109/TNSRE.2016.2636367},
    issn = {15344320},
    pmid = {28114026},
    keywords = {Event detection, gyroscope, lower limb prosthesis, transfemoral amputee, transtibial amputee}
}

@article{Losey2018,
    title = {{A review of intent detection, arbitration, and communication aspects of shared control for physical human‚Äìrobot interaction}},
    year = {2018},
    journal = {Applied Mechanics Reviews},
    author = {Losey, Dylan P. and McDonald, Craig G. and Battaglia, Edoardo and O‚ÄôMalley, Marcia K.},
    number = {1},
    pages = {1--19},
    volume = {70},
    doi = {10.1115/1.4039145},
    issn = {00036900}
}

@book{Low2022,
    title = {{A Review of Machine Learning Network in Human Motion Biomechanics}},
    year = {2022},
    booktitle = {Journal of Grid Computing},
    author = {Low, Wan Shi and Chan, Chow Khuen and Chuah, Joon Huang and Tee, Yee Kai and Hum, Yan Chai and Salim, Maheza Irna Mohd and Lai, Khin Wee},
    number = {1},
    volume = {20},
    publisher = {Springer Netherlands},
    url = {https://doi.org/10.1007/s10723-021-09595-7},
    isbn = {0123456789},
    doi = {10.1007/s10723-021-09595-7},
    issn = {1570-7873},
    keywords = {Biomechanics, Gait analysis, Human, Machine learning, Motion, biomechanics, gait analysis, human, machine learning, motion}
}

@article{Yu2019,
    title = {{A Review of Recurrent Neural Networks: LSTM Cells and Network Architectures}},
    year = {2019},
    journal = {Neural Computation},
    author = {Yu, Yong and Si, Xiaosheng and Hu, Changhua and Zhang, Jianxun},
    number = {7},
    month = {7},
    pages = {1235--1270},
    volume = {31},
    url = {http://arxiv.org/abs/1803.01446 https://direct.mit.edu/neco/article/31/7/1235-1270/8500},
    doi = {10.1162/neco{\_}a{\_}01199},
    issn = {0899-7667},
    arxivId = {1803.01446}
}

@article{Lawson2014,
    title = {{A robotic leg prosthesis: Design, control, and implementation}},
    year = {2014},
    journal = {IEEE Robotics and Automation Magazine},
    author = {Lawson, Brian E. and Mitchell, Jason and Truex, Don and Shultz, Amanda and Ledoux, Elissa and Goldfarb, Michael},
    number = {4},
    pages = {70--81},
    volume = {21},
    isbn = {1070-9932},
    doi = {10.1109/MRA.2014.2360303},
    issn = {10709932}
}

@article{Wong2021,
    title = {{A Scoping Review of Physical Activity in People With Lower-Limb Loss: 10,000 Steps Per Day?}},
    year = {2021},
    journal = {Physical therapy},
    author = {Wong, Christopher K. and Rissland, Maia S. and Madagan, Deanna M. and Jones, Kameron N.},
    number = {8},
    pages = {1--10},
    volume = {101},
    doi = {10.1093/ptj/pzab115},
    issn = {15386724},
    pmid = {33909881},
    keywords = {Amputation, Artificial Limb, Lower Extremity, Physical Fitness, Prostheses and Implants, Walking}
}

@article{Bota2019,
    title = {{A semi-automatic annotation approach for human activity recognition}},
    year = {2019},
    journal = {Sensors (Switzerland)},
    author = {Bota, Patr√≠cia and Silva, Joana and Folgado, Duarte and Gamboa, Hugo},
    number = {3},
    pages = {1--23},
    volume = {19},
    doi = {10.3390/s19030501},
    issn = {14248220},
    pmid = {30691040},
    keywords = {Active learning, Human activity recognition, Machine learning, Self-training, Semi-supervised learning, Time series}
}

@article{Bartlett2021,
    title = {{A Semi-Powered Ankle Prosthesis and Unified Controller for Level and Sloped Walking}},
    year = {2021},
    journal = {IEEE Transactions on Neural Systems and Rehabilitation Engineering},
    author = {Bartlett, Harrison L. and King, Shane T. and Goldfarb, Michael and Lawson, Brian E.},
    pages = {320--329},
    volume = {29},
    doi = {10.1109/TNSRE.2021.3049194},
    issn = {15580210},
    pmid = {33400653},
    keywords = {Prostheses, amputation, ankle, biomechanics, control, design}
}

@article{Sabatini2014,
    title = {{A sensor fusion method for tracking vertical velocity and height based on inertial and barometric altimeter measurements}},
    year = {2014},
    journal = {Sensors (Switzerland)},
    author = {Sabatini, Angelo Maria and Genovese, Vincenzo},
    number = {8},
    pages = {13324--13347},
    volume = {14},
    doi = {10.3390/s140813324},
    issn = {14248220},
    keywords = {Barometric altimeters, Inertial sensors, Kalman filtering, Motion tracking, Sensor fusion}
}

@article{Liciotti2020,
    title = {{A sequential deep learning application for recognising human activities in smart homes}},
    year = {2020},
    journal = {Neurocomputing},
    author = {Liciotti, Daniele and Bernardini, Michele and Romeo, Luca and Frontoni, Emanuele},
    pages = {501--513},
    volume = {396},
    publisher = {Elsevier B.V.},
    doi = {10.1016/j.neucom.2018.10.104},
    issn = {18728286},
    keywords = {Deep learning, Human activity recognition, LSTM, Smart home}
}

@article{Doheny2010,
    title = {{A single gyroscope method for spatial gait analysis}},
    year = {2010},
    journal = {2010 Annual International Conference of the IEEE Engineering in Medicine and Biology Society, EMBC'10},
    author = {Doheny, Emer P. and Foran, Timothy G. and Greene, Barry R.},
    pages = {1300--1303},
    isbn = {9781424441235},
    doi = {10.1109/IEMBS.2010.5626397},
    issn = {1557-170X},
    pmid = {21095923}
}

@article{Huang2009,
    title = {{A strategy for identifying locomotion modes using surface electromyography}},
    year = {2009},
    journal = {IEEE Transactions on Biomedical Engineering},
    author = {Huang, He and Kuiken, Todd A. and Lipschutz, Robert D.},
    number = {1},
    pages = {65--73},
    volume = {56},
    doi = {10.1109/TBME.2008.2003293},
    issn = {00189294},
    pmid = {19224720},
    keywords = {Electromyography (EMG), Neural-machine interface, Pattern recognition (PR), Prosthesis, Targeted muscle reinnervation}
}

@article{Sansano2020,
    title = {{A study of deep neural networks for human activity recognition}},
    year = {2020},
    journal = {Computational Intelligence},
    author = {Sansano, Emilio and Montoliu, Ra√∫l and Belmonte Fern{\'{a}}ndez, √ìscar},
    number = {3},
    pages = {1113--1139},
    volume = {36},
    doi = {10.1111/coin.12318},
    issn = {14678640},
    keywords = {convolutional neural network, deep learning, human activity recognition, recurrent neural network}
}

@article{Shoaib2015,
    title = {{A survey of online activity recognition using mobile phones}},
    year = {2015},
    journal = {Sensors (Switzerland)},
    author = {Shoaib, Muhammad and Bosch, Stephan and Incel, Ozlem Durmaz and Scholten, Hans and Havinga, Paul J.M.},
    number = {1},
    pages = {2059--2085},
    volume = {15},
    isbn = {3153489459},
    doi = {10.3390/s150102059},
    issn = {14248220},
    pmid = {25608213},
    keywords = {Accelerometer, Human activity recognition review, Mobile phone, Mobile phone sensing, Online activity recognition, Real time, Smartphones, Survey}
}

@misc{Caldas2017,
    title = {{A systematic review of gait analysis methods based on inertial sensors and adaptive algorithms}},
    year = {2017},
    booktitle = {Gait and Posture},
    author = {Caldas, Rafael and Mundt, Marion and Potthast, Wolfgang and Buarque de Lima Neto, Fernando and Markert, Bernd},
    pages = {204--210},
    volume = {57},
    isbn = {1473-0480 (Electronic) 0306-3674 (Linking)},
    doi = {10.1016/j.gaitpost.2017.06.019},
    issn = {18792219},
    pmid = {28666178},
    keywords = {Accelerometer, Artificial intelligence, Gait kinematics, Inertial measurement unit, Machine learning algorithms}
}

@article{Straczkiewicz2021,
    title = {{A systematic review of smartphone-based human activity recognition methods for health research}},
    year = {2021},
    journal = {npj Digital Medicine},
    author = {Straczkiewicz, Marcin and James, Peter and Onnela, Jukka Pekka},
    number = {1},
    pages = {1--15},
    volume = {4},
    publisher = {Springer US},
    doi = {10.1038/s41746-021-00514-4},
    issn = {23986352}
}

@article{Young2014a,
    title = {{A training method for locomotion mode prediction using powered lower limb prostheses}},
    year = {2014},
    journal = {IEEE Transactions on Neural Systems and Rehabilitation Engineering},
    author = {Young, Aaron J. and Simon, Ann M. and Hargrove, Levi J.},
    number = {3},
    pages = {671--677},
    volume = {22},
    publisher = {IEEE},
    doi = {10.1109/TNSRE.2013.2285101},
    issn = {15344320},
    pmid = {24184753},
    keywords = {Intent recognition, powered lower limb prosthesis, robotic leg control, transfemoral amputee}
}

@article{Shultz2014,
    title = {{A walking controller for a powered ankle prosthesis}},
    year = {2014},
    journal = {2014 36th Annual International Conference of the IEEE Engineering in Medicine and Biology Society, EMBC 2014},
    author = {Shultz, Amanda H. and Mitchell, Jason E. and Truex, Don and Lawson, Brian E. and Ledoux, Elissa and Goldfarb, Michael},
    pages = {6203--6206},
    isbn = {9781424479290},
    doi = {10.1109/EMBC.2014.6945046},
    issn = {10504729},
    pmid = {25571414},
    arxivId = {15334406}
}

@article{Trojaniello2014,
    title = {{Accuracy, sensitivity and robustness of five different methods for the estimation of gait temporal parameters using a single inertial sensor mounted on the lower trunk}},
    year = {2014},
    journal = {Gait and Posture},
    author = {Trojaniello, Diana and Cereatti, Andrea and Della Croce, Ugo},
    number = {4},
    pages = {487--492},
    volume = {40},
    publisher = {Elsevier B.V.},
    isbn = {9789299007327},
    doi = {10.1016/j.gaitpost.2014.07.007},
    issn = {18792219},
    pmid = {25085660},
    keywords = {Accelerometry, Gait analysis, Gait events, Inertial sensor, Temporal parameters}
}

@article{Windrich2016,
    title = {{Active lower limb prosthetics: A systematic review of design issues and solutions}},
    year = {2016},
    journal = {BioMedical Engineering Online},
    author = {Windrich, Michael and Grimmer, Martin and Christ, Oliver and Rinderknecht, Stephan and Beckerle, Philipp},
    number = {3},
    pages = {5--19},
    volume = {15},
    publisher = {BioMed Central},
    doi = {10.1186/s12938-016-0284-9},
    issn = {1475925X},
    keywords = {Active prosthesis, Actuation, Artificial limb, Control, Development, Powered prosthesis, Systematic review}
}

@article{Diethe2016,
    title = {{Active transfer learning for activity recognition}},
    year = {2016},
    journal = {ESANN 2016 - 24th European Symposium on Artificial Neural Networks},
    author = {Diethe, Tom and Twomey, Niall and Flach, Peter},
    number = {April},
    pages = {429--434},
    isbn = {9782875870278}
}

@book{PMID:29261878,
    title = {{Activities of Daily Living}},
    year = {2021},
    author = {Edemekong, Peter F and Bomgaars, Deb L and Sukumaran, Sukesh and Levy, Shoshana B},
    publisher = {StatPearls Publishing, Treasure Island (FL)},
    url = {http://europepmc.org/books/NBK470404}
}

@article{Cook2013a,
    title = {{Activity discovery and activity recognition: A new partnership}},
    year = {2013},
    journal = {IEEE Transactions on Cybernetics},
    author = {Cook, Diane J. and Krishnan, Narayanan C. and Rashidi, Parisa},
    number = {3},
    pages = {820--828},
    volume = {43},
    publisher = {IEEE},
    doi = {10.1109/TSMCB.2012.2216873},
    issn = {21682267},
    pmid = {23033328},
    keywords = {Activity recognition, Out of vocabulary detection, Sequence discovery}
}

@article{Lonini2016,
    title = {{Activity recognition in patients with lower limb impairments: Do we need training data from each patient?}},
    year = {2016},
    journal = {Proceedings of the Annual International Conference of the IEEE Engineering in Medicine and Biology Society, EMBS},
    author = {Lonini, Luca and Gupta, Aakash and Kording, Konrad and Jayaraman, Aran},
    pages = {3265--3268},
    volume = {2016-Octob},
    publisher = {IEEE},
    isbn = {9781457702204},
    doi = {10.1109/EMBC.2016.7591425},
    issn = {1557170X},
    pmid = {28269004}
}

@article{Abdallah2018,
    title = {{Activity Recognition with Evolving Data Streams: A Review}},
    year = {2018},
    journal = {ACM Comput. Surv},
    author = {Abdallah, Zahraa S and Medhat Gaber, Mohamed},
    number = {4},
    volume = {51},
    url = {https://doi.org/10.1145/3158645},
    doi = {10.1145/3158645},
    issn = {03600300},
    keywords = {Additional Key Words and Phrases: Activity recogni, CCS Concepts: ‚Ä¢ General and reference ‚Üí Surveys an, Machine learning theory, Sensor devices and platforms, ‚Ä¢ Computing methodologies ‚Üí Transfer learning, ‚Ä¢ Hard-ware ‚Üí Sensor applications and deployments, ‚Ä¢ Theory of computation ‚Üí Streaming models}
}

@phdthesis{Yu2017,
    title = {{Actuation and Control of Lower Limb Prostheses}},
    year = {2017},
    author = {Yu, Tian},
    school = {Univeristy of Bath}
}

@article{Kingma2015,
    title = {{Adam: A method for stochastic optimization}},
    year = {2015},
    journal = {3rd International Conference on Learning Representations, ICLR 2015 - Conference Track Proceedings},
    author = {Kingma, Diederik P. and Ba, Jimmy Lei},
    pages = {1--15},
    arxivId = {1412.6980}
}

@article{Greene2010a,
    title = {{Adaptive estimation of temporal gait parameters using body-worn gyroscopes}},
    year = {2010},
    journal = {2010 Annual International Conference of the IEEE Engineering in Medicine and Biology Society, EMBC'10},
    author = {Greene, Barry R. and McGrath, Denise and O'Donovan, Karol J. and O'Neill, Ross and Burns, Adrian and Caulfield, Brian},
    pages = {1296--1299},
    isbn = {9781424441235},
    doi = {10.1109/IEMBS.2010.5626400},
    issn = {1557-170X},
    pmid = {21095922},
    keywords = {Human Performance ‚Äì Gait}
}

@article{Nolan2003,
    title = {{Adjustments in gait symmetry with walking speed in trans-femoral and trans-tibial amputees}},
    year = {2003},
    journal = {Gait and Posture},
    author = {Nolan, Lee and Wit, Andrzej and Dudzi{\~{n}}ski, Krzysztof and Lees, Adrian and Lake, Mark and Wychowa{\~{n}}ski, Micha≈Ç},
    number = {2},
    pages = {142--151},
    volume = {17},
    doi = {10.1016/S0966-6362(02)00066-8},
    issn = {09666362},
    pmid = {12633775},
    keywords = {Amputee gait, Asymmetry, Walking speed}
}

@article{Asif2021,
    title = {{Advancements, Trends and Future Prospects of Lower Limb Prosthesis}},
    year = {2021},
    journal = {IEEE Access},
    author = {Asif, Muhammad and Tiwana, Mohsin Islam and Khan, Umar Shahbaz and Qureshi, Waqar Shahid and Iqbal, Javaid and Rashid, Nasir and Naseer, Noman},
    pages = {85956--85977},
    volume = {9},
    publisher = {IEEE},
    doi = {10.1109/ACCESS.2021.3086807},
    issn = {21693536},
    keywords = {Causes of amputation, design mechanisms, human gait cycle, lower limb amputation, lower limb prosthesis, semi-active prosthesis}
}

@book{LeMoyne2016,
    title = {{Advances for prosthetic technology: From historical perspective to current status to future application}},
    year = {2016},
    booktitle = {Advances for Prosthetic Technology: From Historical Perspective to Current Status to Future Application},
    author = {Lemoyne, Robert},
    pages = {1--135},
    isbn = {9784431558163},
    doi = {10.1007/978-4-431-55816-3}
}

@book{Borah2020,
    title = {{Advances in Data Science and Management}},
    year = {2020},
    booktitle = {Lecture Notes on Data Engineering and Communications Technologies},
    author = {Borah, Samarjeet and Balas, Valentina Emilia},
    pages = {411--420},
    volume = {37},
    isbn = {9789811509773},
    issn = {23674520},
    keywords = {Convolutional long short-term memory cells (ConvLS, Deep learning, Residual networks (ResNets), Violence detection}
}

@article{Schepers2007,
    title = {{Ambulatory assessment of ankle and foot dynamics}},
    year = {2007},
    journal = {IEEE Transactions on Biomedical Engineering},
    author = {Schepers, H. Martin and Koopman, H. F J M and Veltink, Peter H.},
    number = {5},
    pages = {895--902},
    volume = {54},
    isbn = {0018-9294 (Print) 0018-9294 (Linking)},
    doi = {10.1109/TBME.2006.889769},
    issn = {00189294},
    pmid = {17518287},
    keywords = {Ambulatory measurement, Center of pressure, Dynamics, Ground reaction force, Inertial sensing}
}

@article{Li2019a,
    title = {{An adaptive and on-line IMU-based locomotion activity classification method using a triplet Markov model}},
    year = {2019},
    journal = {Neurocomputing},
    author = {Li, Haoyu and Derrode, St√©phane and Pieczynski, Wojciech},
    pages = {94--105},
    volume = {362},
    publisher = {Elsevier B.V.},
    doi = {10.1016/j.neucom.2019.06.081},
    issn = {18728286},
    keywords = {Adaptive iterative conditional estimation, Locomotion activity, On-line activity recognition, Triplet Markov chain, Wearable sensor}
}

@article{Liu2017,
    title = {{An adaptive classification strategy for reliable locomotion mode recognition}},
    year = {2017},
    journal = {Sensors (Switzerland)},
    author = {Liu, Ming and Zhang, Fan and Huang, He Helen},
    number = {9},
    volume = {17},
    doi = {10.3390/s17092020},
    issn = {14248220},
    pmid = {28869537},
    keywords = {Adaptive pattern classifier, Human-in-the-loop, Locomotion mode recognition, Powered prosthesis leg, Surface electromyography}
}

@article{Greene2010,
    title = {{An adaptive gyroscope-based algorithm for temporal gait analysis}},
    year = {2010},
    journal = {Medical and Biological Engineering and Computing},
    author = {Greene, Barry R. and McGrath, Denise and O'Neill, Ross and O'Donovan, Karol J. and Burns, Adrian and Caulfield, Brian},
    number = {12},
    pages = {1251--1260},
    volume = {48},
    isbn = {1741-0444 (Electronic){\textbackslash}r0140-0118 (Linking)},
    doi = {10.1007/s11517-010-0692-0},
    issn = {01400118},
    pmid = {21042951},
    keywords = {Adaptive algorithm, Body-worn sensors, Gait analysis, Gyroscope}
}

@book{Pedroli2019,
    title = {{An Immersive Cognitive Rehabilitation Program : A Case Study : Proceedings of the 4th International Conference on NeuroRehabilitation ( ICNR2018 ), October An Immersive Cognitive Rehabilitation Program : A Case Study}},
    year = {2019},
    author = {Pedroli, Elisa and Serino, Silvia and Cipresso, Pietro and Leo, Gianluca De and Goulene, Karine and Morelli, Sandra and Avenio, Giuseppe D and Stramba-badiale, Marco and Grigioni, Mauro and Gaggioli, Andrea and Riva, Giuseppe},
    number = {January},
    pages = {546--550},
    volume = {1},
    publisher = {Springer International Publishing},
    url = {http://dx.doi.org/10.1007/978-3-030-01845-0_142},
    isbn = {9783030018450},
    doi = {10.1007/978-3-030-01845-0}
}

@article{Bangaru2021,
    title = {{ANN-based automated scaffold builder activity recognition through wearable EMG and IMU sensors}},
    year = {2021},
    journal = {Automation in Construction},
    author = {Bangaru, Srikanth Sagar and Wang, Chao and Busam, Sri Aditya and Aghazadeh, Fereydoun},
    number = {February},
    pages = {103653},
    volume = {126},
    publisher = {Elsevier B.V.},
    url = {https://doi.org/10.1016/j.autcon.2021.103653},
    doi = {10.1016/j.autcon.2021.103653},
    issn = {09265805},
    keywords = {Activity recognition, Artificial neural network, Construction worker, Data fusion, EMG, IMU, Scaffold builder, Wearable sensors}
}

@article{Nayak2020,
    title = {{Application of Artificial Intelligence (AI) in Prosthetic and Orthotic Rehabilitation}},
    year = {2020},
    journal = {Service Robotics},
    author = {Nayak, Smita and Kumar Das, Rajesh},
    pages = {1--21},
    doi = {10.5772/intechopen.93903},
    keywords = {artificial neural network, bci, brain computer interface, deep learning, eeg, electroencephalogram, electromyography, emg}
}

@article{Velezguerrero2021,
    title = {{Artificial intelligence‚Äêbased wearable robotic exoskeletons for upper limb rehabilitation: A review}},
    year = {2021},
    journal = {Sensors},
    author = {V{\'{e}}lez‚Äêguerrero, Manuel Andr√©s and Callejas‚Äêcuervo, Mauro and Mazzoleni, Stefano},
    number = {6},
    pages = {1--30},
    volume = {21},
    doi = {10.3390/s21062146},
    issn = {14248220},
    pmid = {33803911},
    keywords = {Adaptive algorithms, Artificial intelligence (AI), Artificial neural networks (ANN), Control strategies, Healthcare, Rehabilitation, Robotic exoskeletons, Upper limbs, Wearable devices}
}

@article{Piazza2017,
    title = {{Assesment of physical activity in amputees: A systematic review of the literature}},
    year = {2017},
    journal = {Science {\&} Sports},
    author = {Piazza, L. and Ferreira, E.G. and Minsky, R.C. and Pires, G.K.W. and Silva, R.},
    number = {4},
    month = {9},
    pages = {191--202},
    volume = {32},
    doi = {10.1016/j.scispo.2017.07.011},
    issn = {07651597}
}

@article{Sabatini2005,
    title = {{Assessment of walking features from foot inertial sensing}},
    year = {2005},
    journal = {IEEE Transactions on Biomedical Engineering},
    author = {Sabatini, Angelo M. and Martelloni, Chiara and Scapellato, Sergio and Cavallo, Filippo},
    number = {3},
    pages = {486--494},
    volume = {52},
    isbn = {0018-9294},
    doi = {10.1109/TBME.2004.840727},
    issn = {00189294},
    pmid = {15759579},
    keywords = {Ambulatory measurements, Gait analysis, Inertial sensing, Uphill and downhill walking}
}

@article{Novak2013,
    title = {{Automated detection of gait initiation and termination using wearable sensors}},
    year = {2013},
    journal = {Medical Engineering and Physics},
    author = {Novak, Domen and Reber{\v{s}}ek, Peter and De Rossi, Stefano Marco Maria and Donati, Marco and Podobnik, Janez and Beravs, Tadej and Lenzi, Tommaso and Vitiello, Nicola and Carrozza, Maria Chiara and Munih, Marko},
    number = {12},
    pages = {1713--1720},
    volume = {35},
    url = {http://dx.doi.org/10.1016/j.medengphy.2013.07.003},
    isbn = {1873-4030 (Electronic){\textbackslash}n1350-4533 (Linking)},
    doi = {10.1016/j.medengphy.2013.07.003},
    issn = {13504533},
    pmid = {23938085},
    keywords = {Gait analysis, Machine learning, Motion intention detection, Wearable sensors}
}

@article{Cheung2020,
    title = {{Biomechanical Leg Muscle Function during Stair Ambulation in Men Receiving Androgen Deprivation Therapy}},
    year = {2020},
    journal = {Journals of Gerontology - Series A Biological Sciences and Medical Sciences},
    author = {Cheung, Ada S. and Gray, Hans A. and Schache, Anthony G. and Hoermann, Rudolf and Bicknell, Jarrod and Joon, Daryl Lim and Zajac, Jeffrey D. and Pandy, Marcus G. and Grossmann, Mathis and Newman, Anne},
    number = {9},
    pages = {1715--1722},
    volume = {75},
    doi = {10.1093/gerona/glz169},
    issn = {1758535X},
    pmid = {31310271},
    keywords = {Androgen deprivation, Kinematics, Muscle function, Prostate cancer, Sarcopenia}
}

@article{Koller2018,
    title = {{Biomechanics and energetics of walking in powered ankle exoskeletons using myoelectric control versus mechanically intrinsic control}},
    year = {2018},
    journal = {Journal of NeuroEngineering and Rehabilitation},
    author = {Koller, Jeffrey R and Remy, C. David and Ferris, Daniel P},
    number = {1},
    pages = {42},
    volume = {15},
    url = {http://creativecommons.org/publicdomain/zero/1.0/},
    doi = {10.1186/s12984-018-0379-6},
    issn = {17430003},
    keywords = {Electromyography, Exoskeleton Control, Gait, Kinematics, Power}
}

@article{Winter1988,
    title = {{Biomechanics of below-knee amputee gait}},
    year = {1988},
    journal = {Journal of Biomechanics},
    author = {Winter, David A. and Sienko, Susan E.},
    number = {5},
    month = {1},
    pages = {361--367},
    volume = {21},
    url = {https://linkinghub.elsevier.com/retrieve/pii/002192908890142X},
    doi = {10.1016/0021-9290(88)90142-X},
    issn = {00219290}
}

@techreport{Redfern1997,
    title = {{Biomechanics of descending ramps}},
    year = {1997},
    booktitle = {Gait and Posture},
    author = {Redfern, Mark S. and DiPasquale, James},
    number = {2},
    pages = {119--125},
    volume = {6},
    url = {https://www.gaitposture.com/article/S0966-6362(97)01117-X/pdf},
    isbn = {0966-6362},
    doi = {10.1016/S0966-6362(97)01117-X},
    issn = {09666362},
    pmid = {16145666},
    keywords = {Biomechanics, Body movements, Gait, Ramp angle}
}

@article{Herr2012,
    title = {{Bionic ankle-foot prosthesis normalizes walking gait for persons with leg amputation}},
    year = {2012},
    journal = {Proceedings of the Royal Society B: Biological Sciences},
    author = {Herr, Hugh M. and Grabowski, Alena M.},
    number = {1728},
    pages = {457--464},
    volume = {279},
    isbn = {0962-8452{\textbackslash}r1471-2954},
    doi = {10.1098/rspb.2011.1194},
    issn = {14712970},
    pmid = {21752817},
    keywords = {Amputee, Biomechanics, Bionic, Metabolic cost, Prosthesis, Walking}
}

@article{He2018,
    title = {{Brain-machine interfaces for controlling lower-limb powered robotic systems}},
    year = {2018},
    journal = {Journal of Neural Engineering},
    author = {He, Yongtian and Eguren, David and Azor{\'{i}}n, Jos√© M. and Grossman, Robert G and Luu, Trieu Phat and Contreras-Vidal, Jose L.},
    number = {2},
    volume = {15},
    doi = {10.1088/1741-2552/aaa8c0},
    issn = {17412552},
    pmid = {29345632},
    keywords = {BMI, EEG, classification, exoskeleton, lower-limb, neural decoding, walk}
}

@article{Tahir2018,
    title = {{Case study: A bio-inspired control algorithm for a robotic foot-ankle prosthesis provides adaptive control of level walking and stair ascent}},
    year = {2018},
    journal = {Frontiers Robotics AI},
    author = {Tahir, Uzma and Hessel, Anthony L. and Lockwood, Eric R. and Tester, John T. and Han, Zhixiu and Rivera, Daniel J. and Covey, Kaitlyn L. and Huck, Thomas G. and Rice, Nicole A. and Nishikawa, Kiisa C.},
    number = {APR},
    pages = {1--16},
    volume = {5},
    doi = {10.3389/frobt.2018.00036},
    issn = {22969144},
    keywords = {Biomechanics, Level walking, Muscle model, Powered prosthesis, Preflex, Stair ascent, Trans-tibial amputation}
}

@article{Frossard2011,
    title = {{Categorization of activities of daily living of lower limb amputees during short-term use of a portable kinetic recording system: A preliminary study}},
    year = {2011},
    journal = {Journal of Prosthetics and Orthotics},
    author = {Frossard, Laurent and Stevenson, Nathan and Sullivan, John and Uden, Maggie and Pearcy, Mark},
    number = {1},
    pages = {2--11},
    volume = {23},
    doi = {10.1097/JPO.0b013e318207914c},
    issn = {10408800},
    keywords = {activities of daily living, classification, load sensor, lower limb amputation, outcome assessment}
}

@incollection{Voloshina2020,
    title = {{Chapter 23 - Lower limb active prosthetic systems‚Äîoverview}},
    year = {2020},
    booktitle = {Wearable Robotics},
    author = {Voloshina, Alexandra S and Collins, Steven H},
    editor = {Rosen, Jacob and Ferguson, Peter Walker B T - Wearable Robotics},
    pages = {469--486},
    publisher = {Academic Press},
    url = {http://www.sciencedirect.com/science/article/pii/B9780128146590000230},
    isbn = {978-0-12-814659-0},
    doi = {https://doi.org/10.1016/B978-0-12-814659-0.00023-0},
    keywords = {Active prosthesis, actuation, device control, lower limb amputation, optimization}
}

@article{Ingraham2018,
    title = {{Choosing appropriate prosthetic ankle work to reduce the metabolic cost of individuals with transtibial amputation}},
    year = {2018},
    journal = {Scientific Reports},
    author = {Ingraham, Kimberly A. and Choi, Hwan and Gardinier, Emily S. and Remy, C. David and Gates, Deanna H.},
    number = {1},
    pages = {1--12},
    volume = {8},
    doi = {10.1038/s41598-018-33569-7},
    issn = {20452322},
    pmid = {30333504}
}

@article{Young2013,
    title = {{Classifying the intent of novel users during human locomotion using powered lower limb prostheses}},
    year = {2013},
    journal = {International IEEE/EMBS Conference on Neural Engineering, NER},
    author = {Young, Aaron J. and Simon, Ann M. and Fey, Nicholas P. and Hargrove, Levi J.},
    pages = {311--314},
    isbn = {9781467319690},
    doi = {10.1109/NER.2013.6695934},
    issn = {19483546},
    keywords = {Rehabilitation Engineering, Neural Prostheses, Neu}
}

@inproceedings{roggan2010,
    title = {{Collecting complex activity datasets in highly rich networked sensor environments}},
    year = {2010},
    booktitle = {2010 Seventh International Conference on Networked Sensing Systems (INSS)},
    author = {Roggen, Daniel and Calatroni, Alberto and Rossi, Mirco and Holleczek, Thomas and Forster, Kilian and Troster, Gerhard and Lukowicz, Paul and Bannach, David and Pirkl, Gerald and Ferscha, Alois and Doppler, Jakob and Holzmann, Clemens and Kurz, Marc and Holl, Gerald and Chavarriaga, Ricardo and Sagha, Hesam and Bayati, Hamidreza and Creatura, Marco and Millan, Jose del R.},
    month = {6},
    pages = {233--240},
    publisher = {IEEE},
    url = {http://ieeexplore.ieee.org/document/5573462/},
    isbn = {978-1-4244-7911-5},
    doi = {10.1109/INSS.2010.5573462},
    keywords = {Activity recognition dataset, Human behavior recognition, Machine learning, Pattern classification, Ubiquitous computing, Wearable computing}
}

@article{Chen2016,
    title = {{Combining vibrotactile feedback with volitional myoelectric control for robotic transtibial prostheses}},
    year = {2016},
    journal = {Frontiers in Neurorobotics},
    author = {Chen, Baojun and Feng, Yanggang and Wang, Qining},
    number = {AUG},
    pages = {1--14},
    volume = {10},
    doi = {10.3389/fnbot.2016.00008},
    issn = {16625218},
    keywords = {Human-centered closed-loop control, Position control, Robotic transtibial prostheses, Vibrotactile feedback, Vibrotactile stimulation, Volitional myoelectric control}
}

@article{Varrecchia2019,
    title = {{Common and specific gait patterns in people with varying anatomical levels of lower limb amputation and different prosthetic components}},
    year = {2019},
    journal = {Human Movement Science},
    author = {Varrecchia, Tiwana and Serrao, Mariano and Rinaldi, Martina and Ranavolo, Alberto and Conforto, Silvia and De Marchis, Cristiano and Simonetti, Andrea and Poni, Ida and Castellano, Simona and Silvetti, Alessio and Tatarelli, Antonella and Fiori, Lorenzo and Conte, Carmela and Draicchio, Francesco},
    number = {October 2018},
    pages = {9--21},
    volume = {66},
    publisher = {Elsevier},
    url = {https://doi.org/10.1016/j.humov.2019.03.008},
    doi = {10.1016/j.humov.2019.03.008},
    issn = {18727646},
    pmid = {30889496},
    keywords = {Energetic gait parameters, Kinematic, Kinetic, Lower limb amputation, Prosthetic gait}
}

@article{Kwon2021,
    title = {{Comparative study of markerless vision-based gait analyses for person re-identification}},
    year = {2021},
    journal = {Sensors},
    author = {Kwon, Jaerock and Lee, Yunju and Lee, Jehyung},
    number = {24},
    pages = {1--25},
    volume = {21},
    doi = {10.3390/s21248208},
    issn = {14248220},
    pmid = {34960297},
    keywords = {Gait, Gait analysis, Machine learning, Markerless, Motion capture, Person re-identification, Siamese neural networks, Vision-based}
}

@article{Patterson2012,
    title = {{Comparing adaptive algorithms to measure temporal gait parameters using lower body mounted inertial sensors}},
    year = {2012},
    journal = {Proceedings of the Annual International Conference of the IEEE Engineering in Medicine and Biology Society, EMBS},
    author = {Patterson, Matthew R. and Caulfield, Brian},
    pages = {4509--4512},
    isbn = {9781424441198},
    doi = {10.1109/EMBC.2012.6346969},
    issn = {1557170X},
    pmid = {23366930},
    arxivId = {978-1-4577-1787-1/12},
    keywords = {Body sensor networks and telemetric systems, Mechanical sensors and systems, Wearable systems}
}

@article{Button2010,
    title = {{Comparison of below-knee amputee gait performed overground and on a motorized treadmill}},
    year = {2010},
    journal = {Adapted Physical Activity Quarterly},
    author = {Button, Chris and Moyle, Stuart and Davids, Keith},
    number = {2},
    pages = {96--112},
    volume = {27},
    isbn = {0736-5829},
    doi = {10.1123/apaq.27.2.96},
    issn = {15432777},
    pmid = {20440022}
}

@inproceedings{Abraham2014,
    title = {{Comparison of Classification Algorithms for Physical Activity Recognition}},
    year = {2014},
    booktitle = {Advances in Intelligent Systems and Computing},
    author = {Abraham, Ajith and Kr{\"{o}}mer, Pavel and Sn{\'{a}}{\v{S}}el, V√°clav},
    pages = {123--131},
    volume = {237},
    isbn = {9783319017808},
    doi = {10.1007/978-3-319-01781-5},
    issn = {21945357}
}

@article{Silverman2008,
    title = {{Compensatory mechanisms in below-knee amputee gait in response to increasing steady-state walking speeds}},
    year = {2008},
    journal = {Gait and Posture},
    author = {Silverman, Anne K. and Fey, Nicholas P. and Portillo, Albert and Walden, Judith G. and Bosker, Gordon and Neptune, Richard R.},
    number = {4},
    pages = {602--609},
    volume = {28},
    doi = {10.1016/j.gaitpost.2008.04.005},
    issn = {09666362},
    pmid = {18514526},
    keywords = {Ground reaction force impulse, Joint kinetics, Propulsion, Transtibial amputee}
}

@article{Simon2014,
    title = {{Configuring a powered knee and ankle prosthesis for transfemoral amputees within five specific ambulation modes}},
    year = {2014},
    journal = {PLoS ONE},
    author = {Simon, Ann M. and Ingraham, Kimberly A. and Fey, Nicholas P. and Finucane, Suzanne B. and Lipschutz, Robert D. and Young, Aaron J. and Hargrove, Levi J.},
    number = {6},
    volume = {9},
    doi = {10.1371/journal.pone.0099387},
    issn = {19326203}
}

@article{Kazemimoghadam2021,
    title = {{Continuous Classification of Locomotion in Response to Task Complexity and Anticipatory State}},
    year = {2021},
    journal = {Frontiers in Bioengineering and Biotechnology},
    author = {Kazemimoghadam, Mahdieh and Fey, Nicholas P.},
    number = {April},
    pages = {1--13},
    volume = {9},
    doi = {10.3389/fbioe.2021.628050},
    issn = {22964185},
    keywords = {analysis window size, changes of direction, intent recognition, task anticipation, training paradigm}
}

@article{Lee2021,
    title = {{Continuous Gait Phase Estimation Using LSTM for Robotic Transfemoral Prosthesis across Walking Speeds}},
    year = {2021},
    journal = {IEEE Transactions on Neural Systems and Rehabilitation Engineering},
    author = {Lee, Jinwon and Hong, Woolim and Hur, Pilwon},
    pages = {1470--1477},
    volume = {29},
    publisher = {IEEE},
    doi = {10.1109/TNSRE.2021.3098689},
    issn = {15580210},
    pmid = {34283718},
    keywords = {Gait phase estimation, Machine learning, Transfemoral prosthesis}
}

@article{Huang2011,
    title = {{Continuous locomotion-mode identification for prosthetic legs based on neuromuscular - Mechanical fusion}},
    year = {2011},
    journal = {IEEE Transactions on Biomedical Engineering},
    author = {Huang, He and Zhang, Fan and Hargrove, Levi J. and Dou, Zhi and Rogers, Daniel R. and Englehart, Kevin B.},
    number = {10 PART 1},
    pages = {2867--2875},
    volume = {58},
    isbn = {0018-9294 VO  - 58},
    doi = {10.1109/TBME.2011.2161671},
    issn = {00189294},
    pmid = {21768042},
    arxivId = {NIHMS150003},
    keywords = {Data fusion, electromyography (EMG), pattern recognition, prosthesis, surface electromyography}
}

@article{Tucker2015,
    title = {{Control strategies for active lower extremity prosthetics and orthotics: A review}},
    year = {2015},
    journal = {Journal of NeuroEngineering and Rehabilitation},
    author = {Tucker, Michael R. and Olivier, Jeremy and Pagel, Anna and Bleuler, Hannes and Bouri, Mohamed and Lambercy, Olivier and Del Mill{\'{a}}n, Jos√© R. and Riener, Robert and Vallery, Heike and Gassert, Roger},
    number = {1},
    volume = {12},
    isbn = {1743-0003 (Electronic){\textbackslash}r1743-0003 (Linking)},
    doi = {10.1186/1743-0003-12-1},
    issn = {17430003},
    pmid = {25557982},
    keywords = {Activity mode recognition, Control architecture, Electromyography, Exoskeleton, Finite-state machine, Intention recognition, Orthotic, Prosthetic, Seamless integration, Sensory feedback, Sensory substitution, Shared control, Volitional control}
}

@article{Luu2017,
    title = {{Cortical features of locomotion-mode transitions via non-invasive EEG}},
    year = {2017},
    journal = {2017 IEEE International Conference on Systems, Man, and Cybernetics, SMC 2017},
    author = {Luu, Trieu Phat and Brantley, Justin A. and Zhu, Fangshi and Contreras-Vidal, Jose L.},
    pages = {2437--2441},
    volume = {2017-Janua},
    isbn = {9781538616451},
    doi = {10.1109/SMC.2017.8122988},
    keywords = {Brain Machine Interface, Electroencephalography (EEG), Electromyography (EMG), Neural interfaces, Prosthetic legs, User intent recognition}
}

@article{Riboni2011,
    title = {{COSAR: Hybrid reasoning for context-Aware activity recognition}},
    year = {2011},
    journal = {Personal and Ubiquitous Computing},
    author = {Riboni, Daniele and Bettini, Claudio},
    number = {3},
    pages = {271--289},
    volume = {15},
    url = {https://link.springer.com/content/pdf/10.1007%2Fs00779-010-0331-7.pdf},
    isbn = {0077901003317},
    doi = {10.1007/s00779-010-0331-7},
    issn = {16174909},
    keywords = {Activity recognition, Context awareness, Ontological reasoning}
}

@article{Hu2011,
    title = {{Cross-domain activity recognition via transfer learning}},
    year = {2011},
    journal = {Pervasive and Mobile Computing},
    author = {Hu, Derek Hao and Zheng, Vincent Wenchen and Yang, Qiang},
    number = {3},
    pages = {344--358},
    volume = {7},
    publisher = {Elsevier B.V.},
    url = {http://dx.doi.org/10.1016/j.pmcj.2010.11.005},
    doi = {10.1016/j.pmcj.2010.11.005},
    issn = {15741192},
    keywords = {Activity recognition, Transfer learning, Web mining}
}

@article{Soleimani2021,
    title = {{Cross-subject transfer learning in human activity recognition systems using generative adversarial networks}},
    year = {2021},
    journal = {Neurocomputing},
    author = {Soleimani, Elnaz and Nazerfard, Ehsan},
    pages = {26--34},
    volume = {426},
    publisher = {Elsevier B.V.},
    url = {https://doi.org/10.1016/j.neucom.2020.10.056},
    doi = {10.1016/j.neucom.2020.10.056},
    issn = {18728286},
    arxivId = {1903.12489},
    keywords = {Cross-subject transfer learning, Generative adversarial network, Human activity recognition, Learning with small samples, Transfer learning}
}

@article{Gardiner2016,
    title = {{Crowd-sourced amputee gait data: A feasibility study using YouTube videos of unilateral trans-femoral gait}},
    year = {2016},
    journal = {PLoS ONE},
    author = {Gardiner, James and Gunarathne, Nuwan and Howard, David and Kenney, Laurence},
    number = {10},
    pages = {1--10},
    volume = {11},
    doi = {10.1371/journal.pone.0165287},
    issn = {19326203},
    pmid = {27764226}
}

@article{Bussmann2008,
    title = {{Daily physical activity and heart rate response in people with a unilateral traumatic transtibial amputation}},
    year = {2008},
    journal = {Archives of Physical Medicine and Rehabilitation},
    author = {Bussmann, Johannes B and Schrauwen, Hannelore J and Stam, Henk J},
    number = {3},
    pages = {430--434},
    volume = {89},
    isbn = {1532-821X; 0003-9993},
    doi = {10.1016/j.apmr.2007.11.012 [doi]},
    issn = {1532-821X; 0003-9993},
    pmid = {18295619},
    keywords = {Activities of Daily Living, Adult, Aged, Amputation/methods/rehabilitation, Case-Control Studies, Energy Metabolism/physiology, Follow-Up Studies, Heart Rate/physiology, Humans, Lower Extremity/surgery, Male, Middle Aged, Oxygen Consumption/physiology, Probability, Reference Values, Treatment Outcome, Walking/physiology}
}

@article{Bangaru2020,
    title = {{Data quality and reliability assessment of wearable emg and IMU sensor for construction activity recognition}},
    year = {2020},
    journal = {Sensors (Switzerland)},
    author = {Bangaru, Srikanth Sagar and Wang, Chao and Aghazadeh, Fereydoun},
    number = {18},
    pages = {1--24},
    volume = {20},
    doi = {10.3390/s20185264},
    issn = {14248220},
    pmid = {32942606},
    keywords = {Construction activity classification, Data quality, Electromyography, Inertial measurement unit, Reliability, Wearable sensor}
}

@misc{SztylerData2016,
    title = {{DataSet - RealWorld (HAR)}},
    year = {2016},
    author = {Sztyler, Timo},
    url = {sensor.informatik.uni-mannheim.de#dataset_realworld}
}

@article{Ordonez2016,
    title = {{Deep convolutional and LSTM recurrent neural networks for multimodal wearable activity recognition}},
    year = {2016},
    journal = {Sensors (Switzerland)},
    author = {Ord{\'{o}}{\~{n}}ez, Francisco Javier and Roggen, Daniel},
    number = {1},
    volume = {16},
    doi = {10.3390/s16010115},
    issn = {14248220},
    pmid = {26797612},
    keywords = {Deep learning, Human activity recognition, LSTM, Machine learning, Neural network, Sensor fusion, Wearable sensors}
}

@article{Lecun2015,
    title = {{Deep learning}},
    year = {2015},
    journal = {Nature},
    author = {Lecun, Yann and Bengio, Yoshua and Hinton, Geoffrey},
    number = {7553},
    pages = {436--444},
    volume = {521},
    doi = {10.1038/nature14539},
    issn = {14764687},
    pmid = {26017442}
}

@article{Sigcha2020,
    title = {{Deep learning approaches for detecting freezing of gait in parkinson‚Äôs disease patients through on-body acceleration sensors}},
    year = {2020},
    journal = {Sensors (Switzerland)},
    author = {Sigcha, Luis and Costa, N√©lson and Pav{\'{o}}n, Ignacio and Costa, Susana and Arezes, Pedro and L{\'{o}}pez, Juan Manuel and De Arcas, Guillermo},
    number = {7},
    volume = {20},
    doi = {10.3390/s20071895},
    issn = {14248220},
    pmid = {32235373},
    keywords = {Accelerometer, Consecutive windows, Convolutional neural networks, Denoising autoencoder, IMU, LSTM, Spectral representation, Time distributed}
}

@article{Ravi2016,
    title = {{Deep learning for human activity recognition: A resource efficient implementation on low-power devices}},
    year = {2016},
    journal = {BSN 2016 - 13th Annual Body Sensor Networks Conference},
    author = {Ravi, Daniele and Wong, Charence and Lo, Benny and Yang, Guang Zhong},
    pages = {71--76},
    publisher = {IEEE},
    isbn = {9781509030873},
    doi = {10.1109/BSN.2016.7516235},
    keywords = {ActiveMiles, Deep Learning, HAR, Low-Power Devices}
}

@article{Wang2019b,
    title = {{Deep learning for sensor-based activity recognition: A survey}},
    year = {2019},
    journal = {Pattern Recognition Letters},
    author = {Wang, Jindong and Chen, Yiqiang and Hao, Shuji and Peng, Xiaohui and Hu, Lisha},
    pages = {3--11},
    volume = {119},
    publisher = {Elsevier B.V.},
    url = {https://doi.org/10.1016/j.patrec.2018.02.010},
    doi = {10.1016/j.patrec.2018.02.010},
    issn = {01678655},
    arxivId = {1707.03502},
    keywords = {Activity recognition, Deep learning, Pattern recognition, Pervasive computing}
}

@article{Edwards2018,
    title = {{Deep learning hunts for signals among the noise}},
    year = {2018},
    journal = {Communications of the ACM},
    author = {Edwards, Chris},
    number = {6},
    month = {5},
    pages = {13--14},
    volume = {61},
    url = {https://dl.acm.org/doi/10.1145/3204445},
    doi = {10.1145/3204445},
    issn = {0001-0782}
}

@article{Inoue2018,
    title = {{Deep recurrent neural network for mobile human activity recognition with high throughput}},
    year = {2018},
    journal = {Artificial Life and Robotics},
    author = {Inoue, Masaya and Inoue, Sozo and Nishida, Takeshi},
    number = {2},
    pages = {173--185},
    volume = {23},
    doi = {10.1007/s10015-017-0422-x},
    issn = {16147456},
    arxivId = {1611.03607},
    keywords = {Acceleration sensors, Deep recurrent neural network, Human activity recognition}
}

@article{Murad2017,
    title = {{Deep recurrent neural networks for human activity recognition}},
    year = {2017},
    journal = {Sensors (Switzerland)},
    author = {Murad, Abdulmajid and Pyun, Jae Young},
    number = {11},
    volume = {17},
    doi = {10.3390/s17112556},
    issn = {14248220},
    pmid = {29113103},
    keywords = {Deep learning, Human activity recognition, Recurrent neural networks}
}

@article{Wang2018a,
    title = {{Deep Transfer Learning for Cross-domain Activity Recognition}},
    year = {2018},
    author = {Wang, Jindong and Zheng, Vincent W and Chen, Yiqiang and Huang, Meiyu},
    url = {https://doi.org/10.1145/3265689.3265705},
    isbn = {9781450365871},
    keywords = {-  Computing methodologies  ->  Transfer learning, -  Human-centered computing  ->  Ubiquitous comput}
}

@article{Simon2017,
    title = {{Delaying Ambulation Mode Transition Decisions Improves Accuracy of a Flexible Control System for Powered Knee-Ankle Prosthesis}},
    year = {2017},
    journal = {IEEE Transactions on Neural Systems and Rehabilitation Engineering},
    author = {Simon, Ann M. and Ingraham, Kimberly A. and Spanias, John A. and Young, Aaron J. and Finucane, Suzanne B. and Halsne, Elizabeth G. and Hargrove, Levi J.},
    number = {8},
    pages = {1164--1171},
    volume = {25},
    isbn = {1558-0210 (Electronic)1534-4320 (Linking)},
    doi = {10.1109/TNSRE.2016.2613020},
    issn = {15344320},
    pmid = {28113980},
    keywords = {Above-knee amputation, intent recognition, robotic leg control, signal processing}
}

@article{Sup2008a,
    title = {{Design and control of a powered transfemoral prosthesis}},
    year = {2008},
    journal = {International Journal of Robotics Research},
    author = {Sup, Frank and Bohara, Amit and Goldfarb, Michael},
    number = {2},
    pages = {263--273},
    volume = {27},
    isbn = {1741-3176 (Electronic){\textbackslash}n0278-3649 (Linking)},
    doi = {10.1177/0278364907084588},
    issn = {02783649},
    pmid = {19898683},
    arxivId = {NIHMS150003},
    keywords = {Gait model, Impedance control, Medical robots and systems, Powered prosthesis}
}

@article{Sup2008b,
    title = {{Design and control of a powered transfemoral prosthesis}},
    year = {2008},
    journal = {International Journal of Robotics Research},
    author = {Sup, Frank and Bohara, Amit and Goldfarb, Michael},
    number = {2},
    pages = {263--273},
    volume = {27},
    doi = {10.1177/0278364907084588},
    issn = {02783649},
    keywords = {Gait model, Impedance control, Medical robots and systems, Powered prosthesis}
}

@article{Park2016,
    title = {{Design and control of a prosthetic leg for above-knee amputees operated in semi-active and active modes}},
    year = {2016},
    journal = {Smart Materials and Structures},
    author = {Park, Jinhyuk and Yoon, Gun Ha and Kang, Je Won and Choi, Seung Bok},
    number = {8},
    volume = {25},
    doi = {10.1088/0964-1726/25/8/085009},
    issn = {1361665X},
    keywords = {MR damper, above-knee amputees, joint angle control, magneto-rheological fluid, prosthetic leg}
}

@article{Rice2015,
    title = {{Design and Evaluation of a Passive Ankle Prosthesis With Powered Push-Off}},
    year = {2015},
    journal = {Journal of Mechanisms and Robotics},
    author = {Rice, Jacob J. and Schimmels, Joseph M. and Huang, Shuguang},
    number = {2},
    pages = {021012},
    volume = {8},
    url = {http://mechanismsrobotics.asmedigitalcollection.asme.org/article.aspx?doi=10.1115/1.4031302},
    doi = {10.1115/1.4031302},
    issn = {1942-4302}
}

@article{Elery2020,
    title = {{Design and validation of a powered knee-ankle prosthesis with high-torque, low-impedance actuators}},
    year = {2020},
    journal = {IEEE Transactions on Robotics},
    author = {Elery, Toby and Rezazadeh, Siavash and Nesler, Christopher and Gregg, Robert D.},
    number = {6},
    pages = {1649--1668},
    volume = {36},
    doi = {10.1109/TRO.2020.3005533},
    issn = {19410468},
    keywords = {Actuator design, backdrivability, powered prostheses, rehabilitation robotics}
}

@article{Ascioglu2020,
    title = {{Design of a Wearable Wireless Multi-Sensor Monitoring System and Application for Activity Recognition Using Deep Learning}},
    year = {2020},
    journal = {IEEE Access},
    author = {Ascioglu, Gokmen and Senol, Yavuz},
    pages = {169183--169195},
    volume = {8},
    doi = {10.1109/access.2020.3024003},
    issn = {2169-3536}
}

@article{Han2021,
    title = {{Design of decision tree structure with improved BPNN nodes for high-accuracy locomotion mode recognition using a single IMU}},
    year = {2021},
    journal = {Sensors (Switzerland)},
    author = {Han, Yang and Liu, Chunbao and Yan, Lingyun and Ren, Lei},
    number = {2},
    pages = {1--18},
    volume = {21},
    doi = {10.3390/s21020526},
    issn = {14248220},
    pmid = {33450967},
    keywords = {Decision tree structure (DTS), Inertial measurement unit (IMU), Locomotion mode recognition, Wearable robotic system}
}

@article{Eilenberg2018,
    title = {{Development and evaluation of a powered artificial gastrocnemius for transtibial amputee gait}},
    year = {2018},
    journal = {Journal of Robotics},
    author = {Eilenberg, M.F. and Kuan, J.-Y. and Herr, H.},
    volume = {2018},
    doi = {10.1155/2018/5951965},
    issn = {16879619}
}

@article{Hermens1999,
    title = {{Development of recommendations for SEMG sensors and sensor placement procedures}},
    year = {2000},
    journal = {Journal of Electromyography and Kinesiology},
    author = {Hermens, Hermie J. and Freriks, Bart and Disselhorst-Klug, Catherine and Rau, G√ºnter},
    number = {5},
    pages = {361--374},
    volume = {10},
    isbn = {1050-6411},
    doi = {10.1016/S1050-6411(00)00027-4},
    issn = {10506411},
    pmid = {11018445},
    arxivId = {10.1016/S1050-6411(00)00027-4},
    keywords = {Electrodes, Sensor, Surface EMG}
}

@article{Srivastava2014,
    title = {{Dropout: A Simple Way to Prevent Neural Networks from Overfittin}},
    year = {2014},
    journal = {Journal of Machine Learning Research},
    author = {Srivastava, Nitish and Hinton, Geoffrey and Krizhevsky, Alex and Sutskever, Ilya and Salakhutdinov, Ruslan},
    number = {56},
    pages = {1929--1958},
    volume = {15},
    url = {http://jmlr.org/papers/v15/srivastava14a.html},
    keywords = {deep learning, model combination, neural networks, regularization}
}

@article{Bazargan-Lari2012,
    title = {{Dynamics and control of locomotion of one leg walking as self-impact double pendulum}},
    year = {2012},
    journal = {Proceedings - 2011 2nd International Conference on Control, Instrumentation and Automation, ICCIA 2011},
    author = {Bazargan-Lari, Y. and Gholipour, A. and Eghtesad, M. and Nouri, M. and Sayadkooh, A.},
    pages = {201--206},
    isbn = {978-1-4673-1690-3},
    doi = {10.1109/ICCIAutom.2011.6356656}
}

@article{Zhang2015a,
    title = {{Effects of locomotion mode recognition errors on volitional control of powered above-knee prostheses}},
    year = {2015},
    journal = {IEEE Transactions on Neural Systems and Rehabilitation Engineering},
    author = {Zhang, Fan and Liu, Ming and Huang, He},
    number = {1},
    pages = {64--72},
    volume = {23},
    publisher = {IEEE},
    doi = {10.1109/TNSRE.2014.2327230},
    issn = {15344320},
    pmid = {25486645},
    keywords = {Gait stability, locomotion mode recognition, powered above-knee prosthesis, volitional control}
}

@article{Zhu2019,
    title = {{Efficient Human Activity Recognition Solving the Confusing Activities Via Deep Ensemble Learning}},
    year = {2019},
    journal = {IEEE Access},
    author = {Zhu, Ran and Xiao, Zhuoling and Li, Ying and Yang, Mingkun and Tan, Yawen and Zhou, Liang and Lin, Shuisheng and Wen, Hongkai},
    pages = {75490--75499},
    volume = {7},
    publisher = {IEEE},
    doi = {10.1109/ACCESS.2019.2922104},
    issn = {21693536},
    keywords = {Convolutional neural network, human activity recognition, sensor data, smartphone}
}

@article{Yoon2017,
    title = {{Efficient transfer learning schemes for personalized language modeling using recurrent neural network}},
    year = {2017},
    journal = {AAAI Workshop - Technical Report},
    author = {Yoon, Seunghyun and Yun, Hyeongu and Kim, Yuna and Park, Gyu Tae and Jung, Kyomin},
    pages = {457--463},
    volume = {WS-17-01 -},
    isbn = {9781577357865},
    arxivId = {1701.03578},
    keywords = {Crowdsourcing, Deep Learning, and Artificial Intel}
}

@misc{ElanIC,
    title = {{ElanIC - Waterproof Microprocessor Prosthetic Foot - Blatchford}},
    author = {{Blatchford}},
    url = {https://www.blatchford.co.uk/products/elanic/}
}

@article{Ding2019,
    title = {{Empirical study and improvement on deep transfer learning for human activity recognition}},
    year = {2019},
    journal = {Sensors (Switzerland)},
    author = {Ding, Renjie and Li, Xue and Nie, Lanshun and Li, Jiazhen and Si, Xiandong and Chu, Dianhui and Liu, Guozhong and Zhan, Dechen},
    number = {1},
    volume = {19},
    doi = {10.3390/s19010057},
    issn = {14248220},
    pmid = {30586875},
    keywords = {Deep learning, Human activity recognition, Sensor data, Transfer learning}
}

@misc{biom2018,
    title = {{Empower | Ottobock UK}},
    author = {{Ottobock}},
    url = {https://www.ottobock.co.uk/prosthetics/lower-limb-prosthetics/prosthetic-product-systems/empower-ankle/}
}

@misc{Enpower,
    title = {{Empower | Ottobock UK}},
    author = {{Ottobock}},
    url = {https://www.ottobock.co.uk/prosthetics/lower-limb-prosthetics/prosthetic-product-systems/empower-ankle/}
}

@article{Schmalz2002,
    title = {{Energy expenditure and biomechanical characteristics of lower limb amputee gait:}},
    year = {2002},
    journal = {Gait {\&} Posture},
    author = {Schmalz, Thomas and Blumentritt, Siegmar and Jarasch, Rolf},
    number = {3},
    pages = {255--263},
    volume = {16},
    doi = {10.1016/s0966-6362(02)00008-5},
    issn = {09666362},
    keywords = {biomechanics, gait analysis, lower limb amputees, oxygen consumption, prosthetic alignment}
}

@article{Vllasolli2014,
    title = {{Energy expenditure and walking speed in lower limb amputees: A cross sectional study}},
    year = {2014},
    journal = {Ortopedia Traumatologia Rehabilitacja},
    author = {Vllasolli, Teuta Osmani and Zafirova, Beti and Orovcanec, Nikola and Poposka, Anastasika and Murtezani, Ardiana and Krasniqi, Blerim},
    number = {4},
    pages = {419--426},
    volume = {16},
    doi = {10.5604/15093492.1119619},
    issn = {15093492},
    pmid = {25404631},
    keywords = {Comfort walking speed, Crutches, Lower limb amputees, Physiological cost index, Stump length}
}

@article{McDonald2018,
    title = {{Energy expenditure in people with transtibial amputation walking with crossover and energy storing prosthetic feet: A randomized within-subject study}},
    year = {2018},
    journal = {Gait and Posture},
    author = {McDonald, Cody L. and Kramer, Patricia A. and Morgan, Sara J. and Halsne, Elizabeth G. and Cheever, Sarah M. and Hafner, Brian J.},
    number = {March},
    pages = {349--354},
    volume = {62},
    publisher = {Elsevier},
    doi = {10.1016/j.gaitpost.2018.03.040},
    issn = {18792219},
    keywords = {Amputee, Artificial limb, Energetics, Walking}
}

@article{Alawneh2021,
    title = {{Enhancing human activity recognition using deep learning and time series augmented data}},
    year = {2021},
    journal = {Journal of Ambient Intelligence and Humanized Computing},
    author = {Alawneh, Luay and Alsarhan, Tamam and Al-Zinati, Mohammad and Al-Ayyoub, Mahmoud and Jararweh, Yaser and Lu, Hongtao},
    number = {0123456789},
    publisher = {Springer Berlin Heidelberg},
    url = {https://doi.org/10.1007/s12652-020-02865-4},
    isbn = {0123456789},
    doi = {10.1007/s12652-020-02865-4},
    issn = {18685145},
    keywords = {Accelerometer, Exponential smoothing, Gated recurrent units (GRU), Long-short term memory (LSTM), Moving average smoothing, Time series data, Vanilla RNN}
}

@inproceedings{Carvalho2019,
    title = {{Environment-Aware Locomotion Mode Transition Prediction System}},
    year = {2019},
    booktitle = {19th IEEE International Conference on Autonomous Robot Systems and Competitions, ICARSC 2019},
    author = {Carvalho, Sim√£o and Figueiredo, Joana and Santos, Cristina P.},
    publisher = {IEEE},
    isbn = {9781728135588},
    doi = {10.1109/ICARSC.2019.8733658},
    keywords = {Decision tree, Environment-aware, Human-world interaction, Locomotion mode, Terrain-transition prediction}
}

@article{Jin2014,
    title = {{Environmental sensing by wearable device for indoor activity and location estimation}},
    year = {2014},
    journal = {IECON Proceedings (Industrial Electronics Conference)},
    author = {Jin, Ming and Zou, Han and Weekly, Kevin and Jia, Ruoxi and Bayen, Alexandre M. and Spanos, Costas J.},
    pages = {5369--5375},
    isbn = {9781479940325},
    doi = {10.1109/IECON.2014.7049320},
    issn = {1553-572X},
    arxivId = {1406.5765},
    keywords = {activity recognition, building energy management, environmental sensing, sensor fusion, wearable devices}
}

@article{Bergamini2014,
    title = {{Estimating orientation using magnetic and inertial sensors and different sensor fusion approaches: Accuracy assessment in manual and locomotion tasks}},
    year = {2014},
    journal = {Sensors (Switzerland)},
    author = {Bergamini, Elena and Ligorio, Gabriele and Summa, Aurora and Vannozzi, Giuseppe and Cappozzo, Aurelio and Sabatini, Angelo Maria},
    number = {10},
    pages = {18625--18649},
    volume = {14},
    doi = {10.3390/s141018625},
    issn = {14248220},
    keywords = {3-D orientation, Accuracy, Biomechanics, Gait, Human, IMU, Kalman filtering, MIMU, Upper body, Wearable sensors}
}

@article{Ziegler-Graham2008,
    title = {{Estimating the prevalence of limb loss in the United States: 2005 to 2050.}},
    year = {2008},
    journal = {Archives of physical medicine and rehabilitation},
    author = {Ziegler-Graham, Kathryn and MacKenzie, EJ and Ephraim, PL and Travison, TG and Brookmeyer, Ron},
    number = {3},
    pages = {422--9},
    volume = {89},
    isbn = {1532-821X (Electronic){\textbackslash}r0003-9993 (Linking)},
    doi = {10.1016/j.apmr.2007.11.005},
    issn = {1532-821X},
    pmid = {18295618},
    keywords = {Amputation, Diabetes mellitus, Peripheral vas-cular diseases, Prevalence, Rehabilitation, Wounds and inju-ries}
}

@article{Scandaroli2009,
    title = {{Estimation of foot orientation with respect to ground for an above knee robotic prosthesis}},
    year = {2009},
    journal = {2009 IEEE/RSJ International Conference on Intelligent Robots and Systems, IROS 2009},
    author = {Scandaroli, Glauco Garcia and Borges, Geovany Ara√∫jo and Ishihara, Jo√£o Yoshiyuki and Terra, Marco Henrique and Da Rocha, Adson Ferreira and De Oliveira Nascimento, Francisco Assis},
    pages = {1112--1117},
    isbn = {9781424438044},
    doi = {10.1109/IROS.2009.5354820},
    keywords = {Above knee prosthesis, Nonlinear estimation, Robotic prosthesis}
}

@article{Madgwick2011,
    title = {{Estimation of IMU and MARG orientation using a gradient descent algorithm}},
    year = {2011},
    journal = {2011 IEEE International Conference on Rehabilitation Robotics},
    author = {Madgwick, S. O. H. and Harrison, A. J. L. and Vaidyanathan, R.},
    pages = {1--7},
    isbn = {978-1-4244-9862-8},
    doi = {10.1109/ICORR.2011.5975346},
    issn = {1945-7898},
    pmid = {22275550},
    keywords = {Accelerometers, Algorithms, Biomechanics, Equations, Gyroscopes, Heuristic algorithms, Humans, IMU, MARG orientation, Magnetometers, Mathematical model, Orientation, Quaternions, accelerometers, biomechanics, biomedical equipment, biomedical measurement, dynamic RMS error, estimation theory, gradient descent algorithm, gradient methods, gravity sensor arrays, gyroscope measurement error, gyroscopes, inertial measurement units, magnetic angular rate, magnetic distortion compensation, magnetic sensors, magnetometers, mean square error methods, optical measurement system, orientation algorithm, orientation sensor, patient rehabilitation, propriety Kalman-based algorithm, quaternion derivative, quaternion representation, rehabilitation applications, sampling rates, static RMS error, triaxis gyroscopes, triaxis magnetometers, wearable inertial human motion tracking system}
}

@article{Uddin2021,
    title = {{Estimation of mechanical power output employing deep learning on inertial measurement data in roller ski skating}},
    year = {2021},
    journal = {Sensors},
    author = {Uddin, Md Zia and Seeberg, Trine M. and Kocbach, Jan and Liverud, Anders E. and Gonzalez, Victor and Sandbakk, √òyvind and Meyer, Fr√©d√©ric},
    number = {19},
    volume = {21},
    doi = {10.3390/s21196500},
    issn = {14248220},
    pmid = {34640819},
    keywords = {Cross country skiing, IMU, LSTM, Neural network, Wearable sensors}
}

@article{Dauriac2019,
    title = {{Estimation of the walking speed of individuals with transfemoral amputation from a single prosthetic shank-mounted IMU}},
    year = {2019},
    journal = {Proceedings of the Institution of Mechanical Engineers, Part H: Journal of Engineering in Medicine},
    author = {Dauriac, Boris and Bonnet, Xavier and Pillet, Helene and Lavaste, Francois},
    number = {9},
    pages = {931--937},
    volume = {233},
    isbn = {0954411919},
    doi = {10.1177/0954411919858468},
    issn = {20413033},
    keywords = {Walking speed, ambulatory system, center of mass, gait analysis, inertial measurement unit; transfemoral amputee}
}

@article{Gong,
    title = {{European symposium on computer aided process engineering}},
    year = {2004},
    journal = {Chemical Engineering Journal},
    author = {Gong, Jian and You, Fengqi and Gas, Natural and Oil, Shale},
    number = {1},
    pages = {105--106},
    volume = {102},
    doi = {10.1016/j.cej.2004.06.001},
    issn = {13858947}
}

@article{Roerdink2012,
    title = {{Evaluating asymmetry in prosthetic gait with step-length asymmetry alone is flawed}},
    year = {2012},
    journal = {Gait and Posture},
    author = {Roerdink, Melvyn and Roeles, Sanne and van der Pas, Sanne C.H. and Bosboom, Otelie and Beek, Peter J.},
    number = {3},
    pages = {446--451},
    volume = {35},
    publisher = {Elsevier B.V.},
    url = {http://dx.doi.org/10.1016/j.gaitpost.2011.11.005},
    doi = {10.1016/j.gaitpost.2011.11.005},
    issn = {09666362},
    pmid = {22153771},
    keywords = {Gait asymmetry, Prosthetic gait, Step length, Trunk progression}
}

@article{Mahmood2022,
    title = {{Evaluation of an ankle‚Äìfoot orthosis effect on gait transitional stability during ramp ascent/descent}},
    year = {2022},
    journal = {Medical and Biological Engineering and Computing},
    author = {Mahmood, Imran and Raza, Anam and Maqbool, Hafiz Farhan and Dehghani-Sanij, Abbas A.},
    number = {7},
    pages = {2119--2132},
    volume = {60},
    publisher = {Springer Berlin Heidelberg},
    url = {https://doi.org/10.1007/s11517-022-02587-z},
    isbn = {0123456789},
    doi = {10.1007/s11517-022-02587-z},
    issn = {17410444},
    pmid = {35596033},
    keywords = {Ankle‚Äìfoot orthosis, Gait, Loading and unloading, Ramp walk, Stability margin}
}

@article{Horst2019,
    title = {{Explaining the unique nature of individual gait patterns with deep learning}},
    year = {2019},
    journal = {Scientific Reports},
    author = {Horst, Fabian and Lapuschkin, Sebastian and Samek, Wojciech and M{\"{u}}ller, Klaus Robert and Sch{\"{o}}llhorn, Wolfgang I.},
    number = {1},
    pages = {1--13},
    volume = {9},
    doi = {10.1038/s41598-019-38748-8},
    issn = {20452322},
    pmid = {30787319},
    arxivId = {1808.04308}
}

@article{Jiang2018,
    title = {{Exploration of Gait Parameters Affecting the Accuracy of Force Myography-Based Gait Phase Detection}},
    year = {2018},
    journal = {Proceedings of the IEEE RAS and EMBS International Conference on Biomedical Robotics and Biomechatronics},
    author = {Jiang, X. and Tory, L. and Khoshnam, M. and Chu, K. H.T. and Menon, C.},
    pages = {1205--1210},
    volume = {2018-Augus},
    publisher = {IEEE},
    isbn = {9781538681831},
    doi = {10.1109/BIOROB.2018.8487790},
    issn = {21551774}
}

@article{Sinha2011,
    title = {{Factors affecting quality of life in lower limb amputees}},
    year = {2011},
    journal = {Prosthetics and Orthotics International},
    author = {Sinha, Richa and Van Den Heuvel, Wim J.A. and Arokiasamy, Perianayagam},
    number = {1},
    pages = {90--96},
    volume = {35},
    doi = {10.1177/0309364610397087},
    issn = {03093646},
    pmid = {21515894},
    keywords = {Lower limb amputation, Quality of life, Rehabilitation}
}

@article{Eyobu2018,
    title = {{Feature representation and data augmentation for human activity classification based on wearable IMU sensor data using a deep LSTM neural network}},
    year = {2018},
    journal = {Sensors (Switzerland)},
    author = {Eyobu, Odongo Steven and Han, Dong Seog},
    number = {9},
    pages = {1--26},
    volume = {18},
    doi = {10.3390/s18092892},
    issn = {14248220},
    pmid = {30200377},
    keywords = {Data augmentation, Deep learning, Feature representation, Human activity recognition, Inertial measurement unit sensor, Long short term memory}
}

@article{AbdulRazak2012,
    title = {{Foot plantar pressure measurement system: A review}},
    year = {2012},
    journal = {Sensors (Switzerland)},
    author = {Abdul Razak, Abdul Hadi and Zayegh, Aladin and Begg, Rezaul K. and Wahab, Yufridin},
    number = {7},
    pages = {9884--9912},
    volume = {12},
    isbn = {1424-8220},
    doi = {10.3390/s120709884},
    issn = {14248220},
    pmid = {23012576},
    keywords = {Foot plantar pressure, Pressure sensor, Wireless system}
}

@inproceedings{Nilsson2014,
    title = {{Foot-mounted inertial navigation made easy}},
    year = {2014},
    booktitle = {IPIN 2014 - 2014 International Conference on Indoor Positioning and Indoor Navigation},
    author = {Nilsson, John Olof and Gupta, Amit K and Handel, Peter},
    number = {October},
    pages = {24--29},
    isbn = {9781467380546},
    doi = {10.1109/IPIN.2014.7275464}
}

@article{Godiyal2018a,
    title = {{Force myography based novel strategy for locomotion classification}},
    year = {2018},
    journal = {IEEE Transactions on Human-Machine Systems},
    author = {Godiyal, Anoop Kant and Mondal, Milton and Joshi, Shiv Dutt and Joshi, Deepak},
    number = {6},
    pages = {648--657},
    volume = {48},
    doi = {10.1109/THMS.2018.2860598},
    issn = {21682291},
    keywords = {Force myography (FMG), gait cycle, linear discriminant analysis (LDA), locomotion classification}
}

@article{Bulea2014,
    title = {{Forward stair descent with hybrid neuroprosthesis after paralysis: Single case study demonstrating feasibility}},
    year = {2014},
    journal = {Journal of Rehabilitation Research and Development},
    author = {Bulea, Thomas C. and Kobetic, Rudi and Audu, Musa L. and Triolo, Ronald J. and Pinault, Gilles and Schnellenberger, John R.},
    number = {7},
    pages = {1077--1094},
    volume = {51},
    doi = {10.1682/JRRD.2013.12.0257},
    issn = {19381352},
    pmid = {25437932},
    keywords = {Assistive technology, Bracing, Finite state control, Functional electrical stimulation, Functional neuromuscular stimulation, Hybrid orthosis, Neuroprosthetics, Rehabilitation engineering, Spinal cord injury, Stair descent}
}

@incollection{Goodfellow2015,
    title = {{Front Matter}},
    year = {2014},
    booktitle = {Linear Algebra},
    author = {Goodfellow, Ian and Bengio, Yoshua and Courville, Aaron},
    pages = {i-ii},
    publisher = {Elsevier},
    url = {https://linkinghub.elsevier.com/retrieve/pii/B978012391420009987X},
    isbn = {3540620583, 9783540620587},
    doi = {10.1016/B978-0-12-391420-0.09987-X},
    issn = {1437-7780},
    pmid = {21728107},
    arxivId = {arXiv:1011.1669v3},
    keywords = {machine learning}
}

@misc{humanGaitCycle2016,
    title = {{Fundamentals of Human Gait}},
    year = {2016},
    author = {{Musculoskeletal Key}},
    url = {https://musculoskeletalkey.com/fundamentals-of-human-gait/}
}

@article{Sherstinsky2020,
    title = {{Fundamentals of Recurrent Neural Network (RNN) and Long Short-Term Memory (LSTM) network}},
    year = {2020},
    journal = {Physica D: Nonlinear Phenomena},
    author = {Sherstinsky, Alex},
    pages = {132306},
    volume = {404},
    publisher = {Elsevier B.V.},
    url = {https://doi.org/10.1016/j.physd.2019.132306},
    doi = {10.1016/j.physd.2019.132306},
    issn = {01672789},
    arxivId = {1808.03314},
    keywords = {Convolutional input context windows, External input gate, LSTM, RNN, RNN unfolding/unrolling}
}

@article{Li2022,
    title = {{Fusion of Human Gaze and Machine Vision for Predicting Intended Locomotion Mode}},
    year = {2022},
    journal = {IEEE Transactions on Neural Systems and Rehabilitation Engineering},
    author = {Li, Minhan and Zhong, Boxuan and Lobaton, Edgar and Huang, He},
    pages = {1103--1112},
    volume = {30},
    publisher = {IEEE},
    doi = {10.1109/TNSRE.2022.3168796},
    issn = {15580210},
    pmid = {35442889},
    keywords = {Human gaze, deep learning, intent recognition, machine vision, wearable robot}
}

@misc{Czerniecki1996,
    title = {{Gait analysis in the amputee: Has it helped the amputee or contributed to the development of improved prosthetic components?}},
    year = {1996},
    booktitle = {Gait and Posture},
    author = {Czerniecki, Joseph M. and Gitter, Andrew J.},
    number = {3},
    pages = {258--268},
    volume = {4},
    doi = {10.1016/0966-6362(96)01073-9},
    issn = {09666362},
    keywords = {Amputee ambulation, Gait analysis, Prosthetic design}
}

@article{Coutts1999,
    title = {{Gait analysis in the therapeutic environment}},
    year = {1999},
    journal = {Manual Therapy},
    author = {Coutts, Fiona},
    number = {1},
    month = {2},
    pages = {2--10},
    volume = {4},
    url = {https://linkinghub.elsevier.com/retrieve/pii/S1356689X99800034},
    doi = {10.1016/S1356-689X(99)80003-4},
    issn = {1356689X},
    pmid = {10463015}
}

@book{WhittleMichael2007Ga:a,
    title = {{Gait analysis: an introduction}},
    year = {2003},
    author = {Whittle, MW},
    edition = {4th ed.},
    pages = {258},
    publisher = {Butterworth-Heinemann},
    address = {Edinburgh},
    isbn = {9780702039225},
    keywords = {Gait disorders, Gait in humans, Human locomotion, Movement disorders, Running, Walking}
}

@article{Harandi2020,
    title = {{Gait compensatory mechanisms in unilateral transfemoral amputees}},
    year = {2020},
    journal = {Medical Engineering and Physics},
    author = {Harandi, Vahidreza Jafari and Ackland, David Charles and Haddara, Raneem and Lizama, L. Eduardo Cofr√© and Graf, Mark and Galea, Mary Pauline and Lee, Peter Vee Sin},
    pages = {95--106},
    volume = {77},
    publisher = {Elsevier Ltd},
    url = {https://doi.org/10.1016/j.medengphy.2019.11.006},
    doi = {10.1016/j.medengphy.2019.11.006},
    issn = {18734030},
    pmid = {31919013},
    keywords = {Gait, Muscle coordination, Musculoskeletal modelling, Transfemoral}
}

@article{McIntosh2006,
    title = {{Gait dynamics on an inclined walkway}},
    year = {2006},
    journal = {Journal of Biomechanics},
    author = {McIntosh, Andrew Stuart and Beatty, Karen T. and Dwan, Leanne N. and Vickers, Deborah R.},
    number = {13},
    pages = {2491--2502},
    volume = {39},
    doi = {10.1016/j.jbiomech.2005.07.025},
    issn = {00219290},
    pmid = {16169000},
    keywords = {Biomechanics, Gait, Inclines, Lower limbs, Ramps}
}

@article{Kardos2017,
    title = {{Gait dynamics sensing using IMU sensor array system}},
    year = {2017},
    journal = {Advances in Electrical and Electronic Engineering},
    author = {Kardos, Slavomir and Balog, Peter and Slosarcik, Stanislav},
    number = {1},
    pages = {71--76},
    volume = {15},
    doi = {10.15598/aeee.v15i1.2019},
    issn = {18043119},
    keywords = {Accelerometer, Gait, Gyroscope, IMU, LabVIEW, MEMS, MPU-6050, Microcontroller, Walking}
}

@article{Formento2014,
    title = {{Gait event detection during stair walking using a rate gyroscope}},
    year = {2014},
    journal = {Sensors (Switzerland)},
    author = {Formento, Paola Catalfamo and Acevedo, Ruben and Ghoussayni, Salim and Ewins, David},
    number = {3},
    pages = {5470--5485},
    volume = {14},
    isbn = {1424-8220},
    doi = {10.3390/s140305470},
    issn = {14248220},
    pmid = {24651724},
    keywords = {Algorithms, Ambulatory system, Electrical stimulation, Foot drop, Foot off, Gait analysis, Gait event detection, Gyroscopes, Initial contact, Stair ascent, Stair descent}
}

@article{Simonetti2020,
    title = {{Gait event detection using inertial measurement units in people with transfemoral amputation: a comparative study}},
    year = {2020},
    journal = {Medical and Biological Engineering and Computing},
    author = {Simonetti, Emeline and Villa, Coralie and Bascou, Joseph and Vannozzi, Giuseppe and Bergamini, Elena and Pillet, H√©l√®ne},
    number = {3},
    pages = {461--470},
    volume = {58},
    publisher = {Medical {\&} Biological Engineering {\&} Computing},
    doi = {10.1007/s11517-019-02098-4},
    issn = {17410444},
    keywords = {Asymmetry, Gait events, Gait temporal parameters, Inertial measurement units, Transfemoral amputee}
}

@article{Breakey1976,
    title = {{Gait of Unilateral Below-Knee Amputees}},
    year = {1976},
    journal = {Orthotics and Prosthetics},
    author = {Breakey, James},
    number = {3},
    pages = {17--24},
    volume = {30}
}

@misc{Taborri2016,
    title = {{Gait partitioning methods: A systematic review}},
    year = {2016},
    booktitle = {Sensors (Switzerland)},
    author = {Taborri, Juri and Palermo, Eduardo and Rossi, Stefano and Cappa, Paolo},
    number = {1},
    volume = {16},
    url = {www.mdpi.com/journal/sensors},
    isbn = {10.3390/s16010066},
    doi = {10.3390/s16010066},
    issn = {14248220},
    pmid = {26751449},
    keywords = {Electromyography (EMG), Footswitches, Force platform, Gait pattern, Gait phase partitioning, Inertial measurements units (IMU), Opto-electronic system, Wearable sensors}
}

@article{Li2016,
    title = {{Gait recognition based on EMG with different individuals and sample sizes}},
    year = {2016},
    journal = {Chinese Control Conference, CCC},
    author = {Li, Ying and Gao, Farong and Chen, Huihui and Xu, Minhua},
    pages = {4068--4072},
    volume = {2016-Augus},
    publisher = {TCCT},
    isbn = {9789881563910},
    doi = {10.1109/ChiCC.2016.7553988},
    issn = {21612927},
    keywords = {EMG, Gait recognition, individual characters, sample selection, support vector machine}
}

@article{Botzel2016,
    title = {{Gait recording with inertial sensors - How to determine initial and terminal contact}},
    year = {2016},
    journal = {Journal of Biomechanics},
    author = {B{\"{o}}tzel, Kai and Marti, Fernando Martinez and Rodr{\'{i}}guez, Miguel √Ångel Carvajal and Plate, Annika and Vicente, Alberto Olivares},
    number = {3},
    pages = {332--337},
    volume = {49},
    publisher = {Elsevier},
    isbn = {0021-9290},
    doi = {10.1016/j.jbiomech.2015.12.035},
    issn = {18732380},
    pmid = {26768229},
    keywords = {Gait analysis, Inertial sensors}
}

@article{Su2020,
    title = {{Gait trajectory and gait phase prediction based on an LSTM network}},
    year = {2020},
    journal = {Sensors (Switzerland)},
    author = {Su, Binbin and Gutierrez-Farewik, Elena M.},
    number = {24},
    pages = {1--17},
    volume = {20},
    doi = {10.3390/s20247127},
    issn = {14248220},
    pmid = {33322673},
    keywords = {Deep learning, Gait segmentation, Lower limb angular velocity, Machine learning, Multi-step forecasting}
}

@misc{kernozek2018,
    title = {{Gait | Clinical Gate}},
    author = {Kernozek, Thomas W and Willson, John D},
    url = {https://clinicalgate.com/gait-2/}
}

@article{Zeng2021,
    title = {{Gait-Based Implicit Authentication Using Edge Computing and Deep Learning for Mobile Devices}},
    year = {2021},
    journal = {Sensors (Basel, Switzerland)},
    author = {Zeng, Xin and Zhang, Xiaomei and Yang, Shuqun and Shi, Zhicai and Chi, Chihung},
    number = {13},
    pages = {1--23},
    volume = {21},
    doi = {10.3390/s21134592},
    issn = {14248220},
    pmid = {34283149},
    keywords = {LSTM, convolutional neural network, edge computing, gait recognition, implicit authentication}
}

@article{Martin2018,
    title = {{Gauging force by tapping tendons}},
    year = {2018},
    journal = {Nature Communications},
    author = {Martin, Jack A. and Brandon, Scott C.E. and Keuler, Emily M. and Hermus, James R. and Ehlers, Alexander C. and Segalman, Daniel J. and Allen, Matthew S. and Thelen, Darryl G.},
    number = {1},
    month = {12},
    pages = {1592},
    volume = {9},
    publisher = {Nature Publishing Group},
    doi = {10.1038/s41467-018-03797-6},
    issn = {20411723},
    keywords = {Biomedical engineering, Mechanical engineering, Tendons}
}

@article{Kovac2009,
    title = {{Ground reaction force analysis in traumatic transtibial amputees' gait}},
    year = {2009},
    journal = {Collegium antropologicum},
    author = {Kovac, Ida and Medved, Vladimir and Ostoji{\'{c}}, Ljerka and Ostojic, L},
    pages = {107--114},
    volume = {33 Suppl 2},
    isbn = {0350-6134 (Print){\textbackslash}r0350-6134 (Linking)},
    issn = {0350-6134; 0350-6134},
    pmid = {20120527},
    keywords = {Adult, Amputation, Artificial Limbs, Biomechanical Phenomena, Blast Injuries/rehabilitation, Case-Control Studies, Gait, Humans, Male, Middle Aged, Tibia/injuries, Traumatic/rehabilitation, Weight-Bearing, biomechanics, kinetic gait analysis, locomotion, traumatic transtibial amputation}
}

@article{Fliegel1966,
    title = {{Historical Development of Lower-Extremity Prostheses}},
    year = {1966},
    journal = {Orthopedic {\&} prosthetic appliance journal},
    author = {Fliegel, O and Feuer, S},
    number = {5},
    pages = {313--324},
    volume = {47},
    url = {http://www.oandplibrary.org/op/pdf/1966_04_313.pdf},
    issn = {00039993}
}

@article{Sun2020,
    title = {{Human Action Recognition from Various Data Modalities: A Review}},
    year = {2020},
    author = {Sun, Zehua and Liu, Jun and Ke, Qiuhong and Rahmani, Hossein and Bennamoun, Mohammed and Wang, Gang},
    pages = {1--20},
    url = {http://arxiv.org/abs/2012.11866},
    arxivId = {2012.11866}
}

@article{Tufek2020,
    title = {{Human Action Recognition Using Deep Learning Methods on Limited Sensory Data}},
    year = {2020},
    journal = {IEEE Sensors Journal},
    author = {Tufek, Nilay and Yalcin, Murat and Altintas, Mucahit and Kalaoglu, Fatma and Li, Yi and Bahadir, Senem Kursun},
    number = {6},
    pages = {3101--3112},
    volume = {20},
    isbn = {9781728185798},
    doi = {10.1109/JSEN.2019.2956901},
    issn = {15581748},
    keywords = {Activity recognition, CNN, LSTM, data augmentation, data balancing, deep learning}
}

@article{Saini2020,
    title = {{Human Activity and Gesture Recognition: A Review}},
    year = {2020},
    journal = {Proceedings - 2020 International Conference on Emerging Trends in Communication, Control and Computing, ICONC3 2020},
    author = {Saini, Rashmi and Maan, Vinod},
    isbn = {9781728114200},
    doi = {10.1109/ICONC345789.2020.9117535},
    keywords = {accelerometer, deep learning, gyroscope, human activity recognition}
}

@article{Welhenge2019,
    title = {{Human activity classification using long short-term memory network}},
    year = {2019},
    journal = {Signal, Image and Video Processing},
    author = {Welhenge, Anuradhi Malshika and Taparugssanagorn, Attaphongse},
    number = {4},
    pages = {651--656},
    volume = {13},
    publisher = {Springer London},
    url = {https://doi.org/10.1007/s11760-018-1393-7},
    doi = {10.1007/s11760-018-1393-7},
    issn = {18631711},
    keywords = {ADL, Deep learning, LSTM, RNN}
}

@article{Jamieson2021,
    title = {{Human Activity Recognition of Individuals with Lower Limb Amputation in Free-Living Conditions: A Pilot Study}},
    year = {2021},
    journal = {Sensors},
    author = {Jamieson, Alexander and Murray, Laura and Stankovic, Lina and Stankovic, Vladimir and Buis, Arjan},
    number = {24},
    month = {12},
    pages = {8377},
    volume = {21},
    doi = {10.3390/s21248377},
    issn = {1424-8220},
    keywords = {human activity recognition, lower limb amputation, lower limb prosthetics, machine learning, physical activity}
}

@inproceedings{Altun2010,
    title = {{Human activity recognition using inertial/magnetic sensor units}},
    year = {2010},
    booktitle = {Lecture Notes in Computer Science (including subseries Lecture Notes in Artificial Intelligence and Lecture Notes in Bioinformatics)},
    author = {Altun, Kerem and Barshan, Billur},
    pages = {38--51},
    volume = {6219 LNCS},
    url = {http://link.springer.com/10.1007/978-3-642-14715-9_5},
    isbn = {3642147143},
    doi = {10.1007/978-3-642-14715-9{\_}5},
    issn = {03029743},
    keywords = {feature selection and reduction, human activity recognition and classification, inertial sensors, magnetometers}
}

@inproceedings{Pienaar2019,
    title = {{Human Activity Recognition using LSTM-RNN Deep Neural Network Architecture}},
    year = {2019},
    booktitle = {2019 IEEE 2nd Wireless Africa Conference, WAC 2019 - Proceedings},
    author = {Pienaar, Schalk Wilhelm and Malekian, Reza},
    month = {8},
    pages = {1--5},
    publisher = {IEEE},
    url = {https://ieeexplore.ieee.org/document/8843403/},
    isbn = {9781728136189},
    doi = {10.1109/AFRICA.2019.8843403},
    arxivId = {1905.00599},
    keywords = {Acceleration Sensors, Activity Recognition, Long Short Term Memory architecture, Recurrent Neural Networks, Tensorflow}
}

@article{Golestani2020,
    title = {{Human activity recognition using magnetic induction-based motion signals and deep recurrent neural networks}},
    year = {2020},
    journal = {Nature Communications},
    author = {Golestani, Negar and Moghaddam, Mahta},
    number = {1},
    volume = {11},
    publisher = {Springer US},
    url = {http://dx.doi.org/10.1038/s41467-020-15086-2},
    doi = {10.1038/s41467-020-15086-2},
    issn = {20411723},
    pmid = {32214095}
}

@article{Jiang2015,
    title = {{Human activity recognition using wearable sensors by deep convolutional neural networks}},
    year = {2015},
    journal = {MM 2015 - Proceedings of the 2015 ACM Multimedia Conference},
    author = {Jiang, Wenchao and Yin, Zhaozheng},
    pages = {1307--1310},
    isbn = {9781450334594},
    doi = {10.1145/2733373.2806333},
    keywords = {Activity Image., Activity Recognition, Deep Convolu-Tional Neural Networks, Wearable Computing}
}

@article{Uddin2021a,
    title = {{Human activity recognition using wearable sensors, discriminant analysis, and long short-term memory-based neural structured learning}},
    year = {2021},
    journal = {Scientific Reports},
    author = {Uddin, Md Zia and Soylu, Ahmet},
    number = {1},
    pages = {1--15},
    volume = {11},
    publisher = {Nature Publishing Group UK},
    url = {https://doi.org/10.1038/s41598-021-95947-y},
    isbn = {0123456789},
    doi = {10.1038/s41598-021-95947-y},
    issn = {20452322},
    pmid = {34385552}
}

@book{Hutchison2010a,
    title = {{Human behavior understanding: first international workshop, HBU 2010, Istanbul, Turkey, August 22, 2010 ; proceedings}},
    year = {2010},
    author = {Hutchison, David and Mitchell, John C},
    pages = {174},
    isbn = {978-3-642-14714-2}
}

@article{Ramakrishnan2019,
    title = {{Human Gait Analysis Metric for Gait Retraining}},
    year = {2019},
    journal = {Applied Bionics and Biomechanics},
    author = {Ramakrishnan, Tyagi and Kim, Seok Hun and Reed, Kyle B. and Johnson, Michelle},
    volume = {2019},
    doi = {10.1155/2019/1286864},
    issn = {17542103}
}

@article{Alfayeed2021,
    title = {{Human Gait Analysis Using Machine Learning: A Review}},
    year = {2021},
    journal = {Proceedings of 2nd IEEE International Conference on Computational Intelligence and Knowledge Economy, ICCIKE 2021},
    author = {Alfayeed, Sk Md and Saini, Baljit Singh},
    pages = {550--554},
    isbn = {9781665429214},
    doi = {10.1109/ICCIKE51210.2021.9410678},
    keywords = {gait analysis, long short-term memory (LSTM), machine learning (ML), neural network (NN) human-machine interface (HMI), support vector machine (SVM)}
}

@article{Ghate2021,
    title = {{Hybrid deep learning approaches for smartphone sensor-based human activity recognition}},
    year = {2021},
    journal = {Multimedia Tools and Applications},
    author = {Ghate, Vasundhara and C, Sweetlin Hemalatha},
    publisher = {Multimedia Tools and Applications},
    doi = {10.1007/s11042-020-10478-4},
    issn = {1380-7501},
    keywords = {HAR,ADL,Inertial sensors,LSTM,GRU,CNN,DeepCNN-RF, adl, cnn, deepcnn-rf, gru, har, inertial sensors, lstm}
}

@article{Prabono2021,
    title = {{Hybrid domain adaptation with deep network architecture for end-to-end cross-domain human activity recognition}},
    year = {2021},
    journal = {Computers and Industrial Engineering},
    author = {Prabono, Aria Ghora and Yahya, Bernardo Nugroho and Lee, Seok Lyong},
    number = {November 2020},
    pages = {106953},
    volume = {151},
    publisher = {Elsevier Ltd},
    url = {https://doi.org/10.1016/j.cie.2020.106953},
    doi = {10.1016/j.cie.2020.106953},
    issn = {03608352},
    keywords = {Deep architecture, Domain adaptation, Human activity recognition}
}

@article{Gao2020b,
    title = {{Implementation and testing of ankle-foot prosthesis with a new compensated controller}},
    year = {2020},
    journal = {IEEE/ASME Transactions on Mechatronics},
    author = {Gao, Fei and Liu, Yannan and Liao, Wei Hsin},
    number = {4},
    pages = {1775--1784},
    volume = {24},
    publisher = {IEEE},
    doi = {10.1109/TMECH.2019.2928892},
    issn = {1941014X},
    keywords = {Impedance controller, Metabolic cost, Parallel elastic actuator, Prosthesis}
}

@article{Lemoyne2015,
    title = {{Implementation of machine learning for classifying prosthesis type through conventional gait analysis}},
    year = {2015},
    journal = {Proceedings of the Annual International Conference of the IEEE Engineering in Medicine and Biology Society, EMBS},
    author = {Lemoyne, Robert and Mastroianni, Timothy and Hessel, Anthony and Nishikawa, Kiisa},
    pages = {202--205},
    volume = {2015-Novem},
    isbn = {9781424492718},
    doi = {10.1109/EMBC.2015.7318335},
    issn = {1557170X},
    pmid = {26736235},
    keywords = {Force Plate, Gait Analysis, Machine Learning, Powered Prosthesis, Support Vector Machine}
}

@article{Bittibssi2022,
    title = {{Implementation of surface electromyography controlled prosthetics limb based on recurrent neural network}},
    year = {2022},
    journal = {Concurrency and Computation: Practice and Experience},
    author = {Bittibssi, Tarek M. and Zekry, Abdelhalim and Genedy, Mohamed A. and Maged, Shady A.},
    number = {June 2021},
    pages = {1--9},
    doi = {10.1002/cpe.6848},
    issn = {1532-0626},
    keywords = {deep learning, gated recurrent unit, leg, long-short term memory, pattern recognition, prosthesis, recurrent neural network, surface electromyography}
}

@article{Lu2020,
    title = {{IMU-based deep neural networks for locomotor intention prediction}},
    year = {2020},
    journal = {IEEE International Conference on Intelligent Robots and Systems},
    author = {Lu, Huaitian and Schomaker, Lambert R.B. and Carloni, Raffaella},
    pages = {4134--4139},
    isbn = {9781728162126},
    doi = {10.1109/IROS45743.2020.9341649},
    issn = {21530866}
}

@article{Bruinsma2021,
    title = {{IMU-Based Deep Neural Networks: Prediction of Locomotor and Transition Intentions of an Osseointegrated Transfemoral Amputee}},
    year = {2021},
    journal = {IEEE Transactions on Neural Systems and Rehabilitation Engineering},
    author = {Bruinsma, Julian and Carloni, Raffaella},
    pages = {1079--1088},
    volume = {29},
    publisher = {IEEE},
    doi = {10.1109/TNSRE.2021.3086843},
    issn = {15580210},
    pmid = {34097612},
    keywords = {Deep neural networks, lower-limb prosthetic}
}

@article{Gao2020,
    title = {{IMU-Based Locomotion Mode Identification for Transtibial Prostheses, Orthoses, and Exoskeletons}},
    year = {2020},
    journal = {IEEE Transactions on Neural Systems and Rehabilitation Engineering},
    author = {Gao, Fei and Liu, Gaoyu and Liang, Fengyan and Liao, Wei Hsin},
    number = {6},
    pages = {1334--1343},
    volume = {28},
    publisher = {IEEE},
    doi = {10.1109/TNSRE.2020.2987155},
    issn = {15580210},
    pmid = {32286999},
    keywords = {IMU, Locomotion mode identification, motion trajectory, terrain geometry}
}

@article{Ma2021,
    title = {{IMU-based Locomotion Mode Recognition by Deep Convolutional Neural Networks with Wide First-layer Kernels}},
    year = {2021},
    journal = {Proceeding - 2021 China Automation Congress, CAC 2021},
    author = {Ma, Chao and Zhou, Kangneng and Hao, Liziyi and Zhan, Yudong},
    pages = {8301--8305},
    publisher = {IEEE},
    isbn = {9781665426473},
    doi = {10.1109/CAC53003.2021.9727430},
    keywords = {Convolutional neural networks, inertial measurement unit, locomotion mode recognition, wide first-layer kernels}
}

@article{Childers,
    title = {{Increasing prosthetic foot energy return affects whole-body mechanics during walking on level ground and slopes}},
    year = {2018},
    journal = {Scientific Reports},
    author = {Childers, W Lee and Takahashi, Kota Z},
    number = {1},
    volume = {8},
    doi = {10.1038/s41598-018-23705-8},
    issn = {20452322},
    pmid = {29599517}
}

@article{Jeffers2017,
    title = {{Individual leg and joint work during sloped walking for people with a transtibial amputation using passive and powered prostheses}},
    year = {2017},
    journal = {Frontiers Robotics AI},
    author = {Jeffers, Jana R. and Grabowski, Alena M.},
    number = {DEC},
    pages = {1--10},
    volume = {4},
    doi = {10.3389/frobt.2017.00072},
    issn = {22969144},
    keywords = {Amputee, Downhill walking, Individual leg work, Joint work, Uphill walking}
}

@article{Sprager2015,
    title = {{Inertial sensor-based gait recognition: A review}},
    year = {2015},
    journal = {Sensors (Switzerland)},
    author = {Sprager, Sebastijan and Juric, Matjaz B.},
    isbn = {3861241935},
    doi = {10.3390/s150922089},
    issn = {14248220},
    pmid = {26340634},
    arxivId = {1708.09366},
    keywords = {Biometry, Gait analysis, Gait authentication, Gait identification, Gait patterns, Gait recognition, Inertial data, Inertial sensors, Review}
}

@article{Mai2016a,
    title = {{Intelligent control of a prosthetic ankle joint using gait recognition}},
    year = {2016},
    journal = {Control Engineering Practice},
    author = {Mai, Anh and Commuri, Sesh},
    pages = {1--13},
    volume = {49},
    publisher = {Elsevier},
    isbn = {0967-0661},
    doi = {10.1016/j.conengprac.2016.01.004},
    issn = {09670661},
    keywords = {Amputation, Biomechanics, Gait analysis, Intelligent control, Prosthetic foot}
}

@article{Young2014,
    title = {{Intent recognition in a powered lower limb prosthesis using time history information}},
    year = {2014},
    journal = {Annals of Biomedical Engineering},
    author = {Young, Aaron J. and Simon, Ann M. and Fey, Nicholas P. and Hargrove, Levi J.},
    number = {3},
    pages = {631--641},
    volume = {42},
    url = {https://link.springer.com/content/pdf/10.1007%2Fs10439-013-0909-0.pdf},
    isbn = {0090-6964},
    doi = {10.1007/s10439-013-0909-0},
    issn = {15739686},
    pmid = {24052324},
    keywords = {Dynamic Bayesian network, Intent recognition, Non-stationary signal analysis, Powered lower limb prosthesis, Transfemoral amputee}
}

@article{Reiss2012,
    title = {{Introducing a new benchmarked dataset for activity monitoring}},
    year = {2012},
    journal = {Proceedings - International Symposium on Wearable Computers, ISWC},
    author = {Reiss, Attila and Stricker, Didier},
    pages = {108--109},
    publisher = {IEEE},
    isbn = {9780769546971},
    doi = {10.1109/ISWC.2012.13},
    issn = {15504816}
}

@book{Bartlett2007,
    title = {{Introduction to Sports Biomechanics: Analysing Human Movement Patterns}},
    year = {2007},
    booktitle = {Journal of cardiology},
    author = {Bartlett, Roger},
    edition = {2nd},
    pages = {91--577},
    volume = {50 Suppl 1},
    publisher = {Routledge},
    issn = {0-203-46202-5}
}

@article{Hargrove2015,
    title = {{Intuitive control of a powered prosthetic leg during ambulation: A randomized clinical trial}},
    year = {2015},
    journal = {JAMA - Journal of the American Medical Association},
    author = {Hargrove, Levi J. and Young, Aaron J. and Simon, Ann M. and Fey, Nicholas P. and Lipschutz, Robert D. and Finucane, Suzanne B. and Halsne, Elizabeth G. and Ingraham, Kimberly A. and Kuiken, Todd A.},
    number = {22},
    pages = {2244--2252},
    volume = {313},
    doi = {10.1001/jama.2015.4527},
    issn = {15383598},
    pmid = {26057285}
}

@article{Singh2020,
    title = {{Investigating the impact of data normalization on classification performance}},
    year = {2020},
    journal = {Applied Soft Computing},
    author = {Singh, Dalwinder and Singh, Birmohan},
    pages = {105524},
    volume = {97},
    publisher = {Elsevier B.V.},
    url = {https://doi.org/10.1016/j.asoc.2019.105524},
    doi = {10.1016/j.asoc.2019.105524},
    issn = {15684946},
    keywords = {Ant lion optimization, Data normalization, Feature selection, Feature weighting, k-NN classifier}
}

@article{Zhang2015,
    title = {{Investigation of timing to switch control mode in powered knee prostheses during task transitions}},
    year = {2015},
    journal = {PLoS ONE},
    author = {Zhang, Fan and Liu, Ming and Huang, He},
    number = {7},
    pages = {1--14},
    volume = {10},
    doi = {10.1371/journal.pone.0133965},
    issn = {19326203}
}

@book{Ahad2020,
    title = {{IoT Sensor-Based Activity Recognition}},
    year = {2021},
    author = {Ahad, Md Atiqur Rahman and Antar, Anindya Das and Ahmed, Masud},
    series = {Intelligent Systems Reference Library},
    volume = {173},
    publisher = {Springer International Publishing},
    url = {http://link.springer.com/10.1007/978-3-030-51379-5},
    address = {Ahad2020},
    isbn = {978-3-030-51378-8},
    doi = {10.1007/978-3-030-51379-5}
}

@article{Hamad2020,
    title = {{Joint learning of temporal models to handle imbalanced data for human activity recognition}},
    year = {2020},
    journal = {Applied Sciences (Switzerland)},
    author = {Hamad, Rebeen Ali and Yang, Longzhi and Woo, Wai Lok and Wei, Bo},
    number = {15},
    volume = {10},
    doi = {10.3390/APP10155293},
    issn = {20763417},
    keywords = {Activity recognition, Imbalanced class, Joint learning, Smart home, Temporal models}
}

@book{LevangiePamelaK2005Jsaf,
    title = {{Joint Structure and Function: A Comprehensive Analysis}},
    year = {2005},
    booktitle = {F. A. Davis Company},
    author = {Levangie, Pamela K. and Norkin, Cynthia C.},
    edition = {4th ed.},
    pages = {393--436},
    publisher = {F. A. Davis},
    address = {Philadelphia, Pa.},
    isbn = {0803611919},
    doi = {10.1002/art.1780240233},
    issn = {00043591},
    pmid = {4921535},
    arxivId = {arXiv:1011.1669v3}
}

@article{Valenti2015,
    title = {{Keeping a good attitude: A quaternion-based orientation filter for IMUs and MARGs}},
    year = {2015},
    journal = {Sensors (Switzerland)},
    author = {Valenti, Roberto G. and Dryanovski, Ivan and Xiao, Jizhong},
    number = {8},
    pages = {19302--19330},
    volume = {15},
    isbn = {1212650824},
    doi = {10.3390/s150819302},
    issn = {14248220},
    keywords = {Inertial measurement unit, Magnetic angular rate and gravity, Micro aerial vehicles, Orientation estimation, Quaternions}
}

@article{Bateni2002,
    title = {{Kinematic and kinetic variations of below-knee amputee gait}},
    year = {2002},
    journal = {Journal of Prosthetics and Orthotics},
    author = {Bateni, Hamid and Olney, Sandra J.},
    number = {1},
    pages = {2--10},
    volume = {14},
    doi = {10.1097/00008526-200203000-00003},
    issn = {10408800},
    keywords = {Amputee, Below-knee prosthesis, Gait}
}

@article{Bateni2002a,
    title = {{Kinematic and kinetic variations of below-knee amputee gait}},
    year = {2002},
    journal = {Journal of Prosthetics and Orthotics},
    author = {Bateni, Hamid and Olney, Sandra J.},
    number = {1},
    pages = {2--10},
    volume = {14},
    doi = {10.1097/00008526-200203000-00003},
    issn = {10408800},
    keywords = {Amputee, Below-knee prosthesis, Gait}
}

@book{Hamilton2012,
    title = {{Kinesiology, Scientific Basis of Human Motion}},
    year = {2002},
    author = {Hamilton N, Luttgens K},
    edition = {12},
    pages = {620},
    isbn = {978-0-07-108643-1}
}

@article{Gao2020a,
    title = {{Knowledge-Guided Reinforcement Learning Control for Robotic Lower Limb Prosthesis}},
    year = {2020},
    journal = {Proceedings - IEEE International Conference on Robotics and Automation},
    author = {Gao, Xiang and Si, Jennie and Wen, Yue and Li, Minhan and Huang, He Helen},
    pages = {754--760},
    isbn = {9781728173955},
    doi = {10.1109/ICRA40945.2020.9196749},
    issn = {10504729}
}

@article{Martinez-Hernandez2021,
    title = {{Learning architecture for the recognition of walking and prediction of gait period using wearable sensors}},
    year = {2021},
    journal = {Neurocomputing},
    author = {Martinez-Hernandez, Uriel and Awad, Mohammed I. and Dehghani-Sanij, Abbas A.},
    publisher = {Elsevier},
    url = {https://doi.org/10.1016/j.neucom.2021.10.044},
    doi = {10.1016/j.neucom.2021.10.044},
    issn = {09252312},
    keywords = {activity recognition, deep learning, learning architectures, wearable sensors}
}

@misc{YoshuaBengio2014,
    title = {{Learning Long-term Dependencies with Gradient Descent is Difficult}},
    year = {2014},
    booktitle = {IEEE Transactions on Neural Network},
    author = {{Yoshua Bengio} and {Patrice Simard} and {Paolo Frasconi}},
    number = {2},
    pages = {157},
    volume = {5},
    url = {http://www.dsi.unifi.it/~paolo/ps/tnn-94-gradient.pdf}
}

@article{Shin2021,
    title = {{Locomotion mode recognition algorithm based on gaussian mixture model using imu sensors}},
    year = {2021},
    journal = {Sensors},
    author = {Shin, Dongbin and Lee, Seungchan and Hwang, Seunghoon},
    number = {8},
    volume = {21},
    doi = {10.3390/s21082785},
    issn = {14248220},
    pmid = {33920969},
    keywords = {Gaussian mixture model (GMM), Inertial measurement unit (IMU), Locomotion mode recognition (LMR)}
}

@article{Du2021,
    title = {{Locomotion Mode Recognition with Inertial Signals for Hip Joint Exoskeleton}},
    year = {2021},
    journal = {Applied Bionics and Biomechanics},
    author = {Du, Gang and Zeng, Jinchen and Gong, Cheng and Zheng, Enhao},
    volume = {2021},
    doi = {10.1155/2021/6673018},
    issn = {17542103}
}

@article{Zheng2019,
    title = {{Locomotion Mode Recognition With Robotic Transtibial Prosthesis in Inter-Session and Inter-Day Applications}},
    year = {2019},
    journal = {IEEE transactions on neural systems and rehabilitation engineering : a publication of the IEEE Engineering in Medicine and Biology Society},
    author = {Zheng, Enhao and Wang, Qining and Qiao, Hong},
    number = {9},
    pages = {1836--1845},
    volume = {27},
    publisher = {IEEE},
    doi = {10.1109/TNSRE.2019.2934525},
    issn = {15580210},
    pmid = {31403436}
}

@article{Su2021,
    title = {{Locomotion mode transition prediction based on gait-event identification using wearable sensors and multilayer perceptrons}},
    year = {2021},
    journal = {Sensors},
    author = {Su, Binbin and Liu, Yi Xing and Gutierrez-Farewik, Elena M.},
    number = {22},
    volume = {21},
    doi = {10.3390/s21227473},
    issn = {14248220},
    keywords = {Critical gait events, Exoskeleton control, Locomotion mode}
}

@article{Srisuwan2021,
    title = {{Locomotor activities of individuals with lower-limb amputation}},
    year = {2021},
    journal = {Prosthetics and orthotics international},
    author = {Srisuwan, Bantoon and Klute, Glenn K.},
    number = {3},
    pages = {191--197},
    volume = {45},
    isbn = {0000000000000},
    doi = {10.1097/PXR.0000000000000009},
    issn = {17461553},
    pmid = {33856151}
}

@article{Nakisa2018,
    title = {{Long short term memory hyperparameter optimization for a neural network based emotion recognition framework}},
    year = {2018},
    journal = {IEEE Access},
    author = {Nakisa, Bahareh and Rastgoo, Mohammad Naim and Rakotonirainy, Andry and Maire, Frederic and Chandran, Vinod},
    pages = {49325--49338},
    volume = {6},
    publisher = {IEEE},
    doi = {10.1109/ACCESS.2018.2868361},
    issn = {21693536},
    keywords = {Differential evolution, emotion recognition, hyperparameter optimization, long short term memory, wearable physiological sensors}
}

@article{Hochreiter1997,
    title = {{Long Short-Term Memory}},
    year = {1997},
    journal = {Neural Computation},
    author = {Hochreiter, Sepp and Schmidhuber, J√ºrgen},
    number = {8},
    pages = {1735--1780},
    volume = {9},
    doi = {10.1162/neco.1997.9.8.1735},
    issn = {08997667}
}

@article{Walter2022,
    title = {{Lower Limb Amputation Rates in Germany}},
    year = {2022},
    journal = {Medicina},
    author = {Walter, Nike and Alt, Volker and Rupp, Markus},
    number = {1},
    month = {1},
    pages = {101},
    volume = {58},
    url = {https://www.mdpi.com/1648-9144/58/1/101},
    doi = {10.3390/medicina58010101},
    issn = {1648-9144},
    keywords = {101, 58, alt, amputation, citation, diabetes mellitus, epidemiology, germany, in, lower extremity, lower limb amputation rates, m, medicina 2022, n, peripheral arterial disease, rupp, v, walter}
}

@inproceedings{Samprita2020,
    title = {{LSTM-Based Analysis of a Hip-Hop Movement}},
    year = {2020},
    booktitle = {2020 6th International Conference on Control, Automation and Robotics (ICCAR)},
    author = {Samprita, S and Koshy, Anitha S. and Megharjun, V N and Talasila, Viswanath},
    month = {4},
    pages = {519--524},
    publisher = {IEEE},
    url = {https://ieeexplore.ieee.org/document/9108052/},
    isbn = {978-1-7281-6139-6},
    doi = {10.1109/ICCAR49639.2020.9108052}
}

@article{Xia2020,
    title = {{LSTM-CNN Architecture for Human Activity Recognition}},
    year = {2020},
    journal = {IEEE Access},
    author = {Xia, Kun and Huang, Jianguang and Wang, Hanyu},
    pages = {56855--56866},
    volume = {8},
    publisher = {IEEE},
    doi = {10.1109/ACCESS.2020.2982225},
    issn = {21693536},
    keywords = {Human activity recognition, convolution, long short-term memory, mobile sensors}
}

@article{Greff2017,
    title = {{LSTM: A Search Space Odyssey}},
    year = {2017},
    journal = {IEEE Transactions on Neural Networks and Learning Systems},
    author = {Greff, Klaus and Srivastava, Rupesh K. and Koutnik, Jan and Steunebrink, Bas R. and Schmidhuber, Jurgen},
    number = {10},
    pages = {2222--2232},
    volume = {28},
    doi = {10.1109/TNNLS.2016.2582924},
    issn = {21622388},
    pmid = {27411231},
    arxivId = {1503.04069},
    keywords = {Functional ANalysis Of VAriance (fANOVA), long short-term memory (LSTM), random search, recurrent neural networks, sequence learning}
}

@book{Mitchell1997,
    title = {{Machine learning}},
    year = {1997},
    booktitle = {Machine Learning},
    author = {Mitchell, Thomas},
    publisher = {McGraw-Hill},
    isbn = {0070428077},
    keywords = {machine learning}
}

@article{Labarriere2020,
    title = {{Machine Learning Approaches for Activity Recognition and/or Activity Prediction in Locomotion Assistive Devices‚ÄîA Systematic Review}},
    year = {2020},
    journal = {Sensors},
    author = {Labarri{\`{e}}re, Floriant and Thomas, Elizabeth and Calistri, Laurine and Optasanu, Virgil and Gueugnon, Mathieu and Ornetti, Paul and Laroche, Davy},
    number = {21},
    month = {11},
    pages = {6345},
    volume = {20},
    url = {https://www.mdpi.com/1424-8220/20/21/6345},
    doi = {10.3390/s20216345},
    issn = {1424-8220},
    keywords = {assistive devices, embedded sensors, locomotion, machine learning}
}

@article{Bhakta2020,
    title = {{Machine Learning Model Comparisons of User Independent {\&} Dependent Intent Recognition Systems for Powered Prostheses}},
    year = {2020},
    journal = {IEEE Robotics and Automation Letters},
    author = {Bhakta, Krishan and Camargo, Jonathan and Donovan, Luke and Herrin, Kinsey and Young, Aaron},
    number = {4},
    pages = {5393--5400},
    volume = {5},
    doi = {10.1109/LRA.2020.3007480},
    issn = {23773766},
    keywords = {Prosthetics and exoskeletons, human performance augmentation, mode classification, transfemoral amputation, wearable robots}
}

@article{Wittmann2019,
    title = {{Magnetometer-based drift correction during rest in IMU arm motion tracking}},
    year = {2019},
    journal = {Sensors (Switzerland)},
    author = {Wittmann, Frieder and Lambercy, Olivier and Gassert, Roger},
    number = {6},
    pages = {13--17},
    volume = {19},
    doi = {10.3390/s19061312},
    issn = {14248220},
    pmid = {30884745},
    keywords = {Disturbance, Inertial tracking, Madgwick, Non-homogeneous, Nonhomogeneous, Perturbation, Rehabilitation, Stroke, Virtual reality, Wearable sensors}
}

@article{OBrien2020,
    title = {{Measurement of sedentary time and physical activity in rheumatoid arthritis: an ActiGraph and activPAL‚Ñ¢ validation study}},
    year = {2020},
    journal = {Rheumatology International},
    author = {O‚ÄôBrien, Ciara M. and Duda, Joan L. and Kitas, George D. and Veldhuijzen van Zanten, Jet J.C.S. and Metsios, George S. and Fenton, Sally A.M.},
    number = {9},
    pages = {1509--1518},
    volume = {40},
    publisher = {Springer Berlin Heidelberg},
    url = {https://doi.org/10.1007/s00296-020-04608-2},
    isbn = {0123456789},
    doi = {10.1007/s00296-020-04608-2},
    issn = {1437160X},
    pmid = {32472303},
    keywords = {Activity trackers, Physical activity, Rheumatoid arthritis, Sedentary behaviour}
}

@article{Franz2012,
    title = {{Mechanical work performed by the individual legs during uphill and downhill walking}},
    year = {2012},
    journal = {Journal of Biomechanics},
    author = {Franz, Jason R. and Lyddon, Nicholas E. and Kram, Rodger},
    number = {2},
    pages = {257--262},
    volume = {45},
    publisher = {Elsevier},
    url = {http://dx.doi.org/10.1016/j.jbiomech.2011.10.034},
    doi = {10.1016/j.jbiomech.2011.10.034},
    issn = {00219290},
    pmid = {22099148},
    keywords = {Decline, Incline, Inverted pendulum, Locomotion, Step-to-step transition}
}

@article{Alam2014,
    title = {{Mechanism and design analysis of articulated ankle foot orthoses for drop-foot}},
    year = {2014},
    journal = {Scientific World Journal},
    author = {Alam, Morshed and Choudhury, Imtiaz Ahmed and Mamat, Azuddin Bin},
    number = {April},
    volume = {2014},
    publisher = {Hindawi Publishing Corporation},
    isbn = {1537-744X (Electronic)1537-744X (Linking)},
    doi = {10.1155/2014/867869},
    issn = {1537744X},
    pmid = {24892102}
}

@article{Adamczyk2015,
    title = {{Mechanisms of gait asymmetry due to push-off deficiency in unilateral amputees}},
    year = {2015},
    journal = {IEEE Transactions on Neural Systems and Rehabilitation Engineering},
    author = {Adamczyk, Peter Gabriel and Kuo, Arthur D.},
    number = {5},
    pages = {776--785},
    volume = {23},
    publisher = {IEEE},
    doi = {10.1109/TNSRE.2014.2356722},
    issn = {15344320},
    pmid = {25222950},
    keywords = {Amputation, Gait, Gait asymmetry, Push-off, Unilateral amputee, Walking, Walking model}
}

@article{Geiger2008,
    title = {{MEMS IMU for AHRS applications}},
    year = {2008},
    journal = {Record - IEEE PLANS, Position Location and Navigation Symposium},
    author = {Geiger, W. and Bartholomeyczik, J. and Breng, U. and Gutmann, W. and Hafen, M. and Handrich, E. and Huber, M. and J{\"{a}}ckie, A. and Kempfer, U. and Kopmann, H. and Kunz, J. and Leinfelder, P. and Ohmberger, R. and Probst, U. and Ruf, M. and Spahlinger, G. and Rasch, A. and Straub-Kalthoff, J. and Stroda, M. and Stumpf, K. and Weber, C. and Zimmermann, M. and Zimmermann, S.},
    pages = {225--231},
    isbn = {1424415373},
    doi = {10.1109/PLANS.2008.4569973}
}

@article{Rai2019,
    title = {{Mode-free Control of Prosthetic Lower Limbs}},
    year = {2019},
    journal = {2019 International Symposium on Medical Robotics, ISMR 2019},
    author = {Rai, Vijeth and Sharma, Abhishek and Rombokas, Eric},
    publisher = {IEEE},
    isbn = {9781538678251},
    doi = {10.1109/ISMR.2019.8710187},
    keywords = {deep learning, gait analysis, motion capture, prosthetic limbs}
}

@article{Rai2019a,
    title = {{Mode-free Control of Prosthetic Lower Limbs}},
    year = {2019},
    journal = {2019 International Symposium on Medical Robotics, ISMR 2019},
    author = {Rai, Vijeth and Sharma, Abhishek and Rombokas, Eric},
    publisher = {IEEE},
    isbn = {9781538678251},
    doi = {10.1109/ISMR.2019.8710187},
    keywords = {deep learning, gait analysis, motion capture, prosthetic limbs}
}

@article{Moon2017,
    title = {{Monitoring gait in multiple sclerosis with novel wearable motion sensors}},
    year = {2017},
    journal = {PLoS ONE},
    author = {Moon, Yaejin and McGinnis, Ryan S. and Seagers, Kirsten and Motl, Robert W. and Sheth, Nirav and Wright, John A. and Ghaffari, Roozbeh and Sosnoff, Jacob J.},
    number = {2},
    pages = {1--19},
    volume = {12},
    isbn = {0003-9993},
    doi = {10.1371/journal.pone.0171346},
    issn = {19326203},
    pmid = {28178288},
    arxivId = {NIHMS150003}
}

@misc{movesensepress2022,
    title = {{Movesense Press Images}},
    author = {{Movesense}},
    url = {https://www.movesense.com/press/}
}

@article{Grimes1983,
    title = {{Multi-Mode Above-Knee Prosthesis Controller.}},
    year = {1983},
    journal = {IFAC Proceedings Volumes},
    author = {Grimes, D. L. and Flowers, W. C.},
    number = {2},
    pages = {43--53},
    volume = {15},
    publisher = {Elsevier},
    url = {http://dx.doi.org/10.1016/S1474-6670(17)63296-8},
    isbn = {0080293506},
    doi = {10.1016/b978-0-08-029350-9.50011-6},
    issn = {1474-6670},
    keywords = {Multivariable control systems,automata theory,comp, automata theory, computer control, control system synthesis, human factors, man-machine systems, multivariable control systems, prosthetics}
}

@article{Qiu2022,
    title = {{Multi-sensor information fusion based on machine learning for real applications in human activity recognition: State-of-the-art and research challenges}},
    year = {2022},
    journal = {Information Fusion},
    author = {Qiu, Sen and Zhao, Hongkai and Jiang, Nan and Wang, Zhelong and Liu, Long and An, Yi and Zhao, Hongyu and Miao, Xin and Liu, Ruichen and Fortino, Giancarlo},
    number = {November 2021},
    pages = {241--265},
    volume = {80},
    doi = {10.1016/j.inffus.2021.11.006},
    issn = {15662535},
    keywords = {Deep learning, Human activity recognition, Information fusion, Machine learning, Transfer learning, Wearable device}
}

@article{Varol2010,
    title = {{Multiclass real-time intent recognition of a powered lower limb prosthesis}},
    year = {2010},
    journal = {IEEE Transactions on Biomedical Engineering},
    author = {Varol, Huseyin Atakan and Sup, Frank and Goldfarb, Michael},
    number = {3},
    pages = {542--551},
    volume = {57},
    doi = {10.1109/TBME.2009.2034734},
    issn = {00189294},
    pmid = {19846361},
    keywords = {Pattern recognition, Physical human-robot interaction, Powered prosthesis, Rehabilitation robotics}
}

@article{Sadeghi2001,
    title = {{Muscle power compensatory mechanisms in below-knee amputee gait}},
    year = {2001},
    journal = {American Journal of Physical Medicine and Rehabilitation},
    author = {Sadeghi, Heydar and Allard, Paul and Duhaime, Morris},
    number = {1},
    pages = {25--32},
    volume = {80},
    doi = {10.1097/00002060-200101000-00007},
    issn = {08949115},
    pmid = {11138951},
    keywords = {Below-Knee Amputee, Bilateral Gait Analysis, Biomechanics, Compensatory Mechanisms, Gait Analysis, Three-Dimensional Analysis}
}

@article{Sadeghi2001a,
    title = {{Muscle power compensatory mechanisms in below-knee amputee gait}},
    year = {2001},
    journal = {American Journal of Physical Medicine and Rehabilitation},
    author = {Sadeghi, Heydar and Allard, Paul and Duhaime, Morris},
    number = {1},
    pages = {25--32},
    volume = {80},
    doi = {10.1097/00002060-200101000-00007},
    issn = {08949115},
    pmid = {11138951},
    keywords = {Below-Knee Amputee, Bilateral Gait Analysis, Biomechanics, Compensatory Mechanisms, Gait Analysis, Three-Dimensional Analysis}
}

@article{Dewolf2021,
    title = {{Neuromuscular Age-Related Adjustment of Gait When Moving Upwards and Downwards}},
    year = {2021},
    journal = {Frontiers in Human Neuroscience},
    author = {Dewolf, Arthur H. and Sylos-Labini, Francesca and Cappellini, Germana and Zhvansky, Dmitry and Willems, Patrick A. and Ivanenko, Yury and Lacquaniti, Francesco},
    number = {October},
    pages = {1--14},
    volume = {15},
    doi = {10.3389/fnhum.2021.749366},
    issn = {16625161},
    keywords = {aging, coordination, muscle activity analysis, neuromechanics of gait, spinal motoneuronal output, stair and slope}
}

@article{Zheng2017,
    title = {{Noncontact capacitive sensing-based locomotion transition recognition for amputees with robotic transtibial prostheses}},
    year = {2017},
    journal = {IEEE Transactions on Neural Systems and Rehabilitation Engineering},
    author = {Zheng, Enhao and Wang, Qining},
    number = {2},
    pages = {161--170},
    volume = {25},
    isbn = {1511000037150},
    doi = {10.1109/TNSRE.2016.2529581},
    issn = {15344320},
    keywords = {Capacitive sensing, locomotion transition recognition, robotic prosthesis, transtibial amputees}
}

@article{Srinivasan2017,
    title = {{On prosthetic control: A regenerative agonist-antagonist myoneural interface}},
    year = {2017},
    journal = {Science Robotics},
    author = {Srinivasan, S S and Carty, M J and Calvaresi, P W and Clites, T R and Maimon, B E and Taylor, C R and Zorzos, A N and Herr, Hugh},
    number = {6},
    pages = {eaan2971},
    volume = {2},
    url = {http://robotics.sciencemag.org/ http://robotics.sciencemag.org/lookup/doi/10.1126/scirobotics.aan2971},
    doi = {10.1126/scirobotics.aan2971},
    issn = {2470-9476}
}

@article{Ferrari2020,
    title = {{On the Personalization of Classification Models for Human Activity Recognition}},
    year = {2020},
    journal = {IEEE Access},
    author = {Ferrari, Anna and Micucci, Daniela and Mobilio, Marco and Napoletano, Paolo},
    pages = {32066--32079},
    volume = {8},
    publisher = {IEEE},
    doi = {10.1109/ACCESS.2020.2973425},
    issn = {21693536},
    keywords = {ADL, Personalization, human activity recognition, machine learning, similarity, smartphone}
}

@article{Sztyler2016,
    title = {{On-body localization of wearable devices: An investigation of position-aware activity recognition}},
    year = {2016},
    journal = {2016 IEEE International Conference on Pervasive Computing and Communications, PerCom 2016},
    author = {Sztyler, Timo and Stuckenschmidt, Heiner},
    publisher = {IEEE},
    isbn = {9781467387798},
    doi = {10.1109/PERCOM.2016.7456521}
}

@article{Mairittha2021,
    title = {{On-device deep personalization for robust activity data collection‚Ä†}},
    year = {2021},
    journal = {Sensors (Switzerland)},
    author = {Mairittha, Nattaya and Mairittha, Tittaya and Inoue, Sozo},
    number = {1},
    pages = {1--22},
    volume = {21},
    doi = {10.3390/s21010041},
    issn = {14248220},
    pmid = {33374809},
    keywords = {Activity recognition, Data collection, Deep learning, Fine-tuning, On-device personalization, Smartphone sensors, User feedback}
}

@book{Tomanek2021,
    title = {{On-Device Personalization of Automatic Speech Recognition Models for Disordered Speech}},
    year = {2021},
    booktitle = {Deep Learning for Human Activity Recognition},
    author = {Tomanek, Katrin and Beaufays, Fran√ßoise and Cattiau, Julie and Chandorkar, Angad and Sim, Khe Chai},
    editor = {Li, Xiaoli and Wu, Min and Chen, Zhenghua and Zhang, Le},
    series = {Communications in Computer and Information Science},
    volume = {1370},
    publisher = {Springer Singapore},
    address = {Singapore},
    isbn = {978-981-16-0574-1},
    doi = {10.1007/978-981-16-0575-8},
    arxivId = {2106.10259}
}

@article{Spanias2018,
    title = {{Online adaptive neural control of a robotic lower limb prosthesis}},
    year = {2018},
    journal = {Journal of Neural Engineering},
    author = {Spanias, John and Simon, Ann M and Finucane, Suzanne and Perreault, Eric and Hargrove, Levi},
    publisher = {IOP Publishing},
    url = {http://iopscience.iop.org/article/10.1088/1741-2552/aa92a8},
    isbn = {8609318914171},
    doi = {10.1088/1741-2552/aa92a8},
    issn = {1741-2560},
    keywords = {electromyography, in colour only in, lower limb prostheses, machine learning, online, s supplementary material for, some figures may appear, the online journal, this article is available}
}

@article{Mannini2014,
    title = {{Online decoding of hidden markov models for gait event detection using foot-mounted gyroscopes}},
    year = {2014},
    journal = {IEEE Journal of Biomedical and Health Informatics},
    author = {Mannini, Andrea and Genovese, Vincenzo and Sabatini, Angelo Maria},
    number = {4},
    pages = {1122--1130},
    volume = {18},
    doi = {10.1109/JBHI.2013.2293887},
    issn = {21682194},
    pmid = {25014927},
    keywords = {Gait event detection, gyroscope, hidden Markov model (HMM), human movement analysis, short-time Viterbi (STV)}
}

@article{Sztyler2017,
    title = {{Online personalization of cross-subjects based activity recognition models on wearable devices}},
    year = {2017},
    journal = {2017 IEEE International Conference on Pervasive Computing and Communications, PerCom 2017},
    author = {Sztyler, Timo and Stuckenschmidt, Heiner},
    pages = {180--189},
    isbn = {9781509043279},
    doi = {10.1109/PERCOM.2017.7917864}
}

@article{Gorsic2014,
    title = {{Online phase detection using wearable sensors for walking with a robotic prosthesis}},
    year = {2014},
    journal = {Sensors (Switzerland)},
    author = {Gor{\v{s}}i{\v{c}}, Maja and Kamnik, Roman and Ambro{\v{z}}i{\v{c}}, Luka and Vitiello, Nicola and Lefeber, Dirk and Pasquini, Guido and Munih, Marko},
    number = {2},
    pages = {2776--2794},
    volume = {14},
    isbn = {3861476835},
    doi = {10.3390/s140202776},
    issn = {14248220},
    pmid = {24521944},
    keywords = {Gait phase detection, Inertial sensors, Instrumented insoles, Robotic prosthesis, Wearable sensory system}
}

@article{Roggen2009,
    title = {{OPPORTUNITY: Towards opportunistic activity and context recognition systems}},
    year = {2009},
    journal = {2009 IEEE International Symposium on a World of Wireless, Mobile and Multimedia Networks and Workshops, WOWMOM 2009},
    author = {Roggen, Daniel and F{\"{o}}rster, Kilian and Calatroni, Alberto and Holleczek, Thomas and Fang, Yu and Tr{\"{o}}ster, Gerhard and Lukowicz, Paul and Pirkl, Gerald and Bannach, David and Kunze, Kai and Ferscha, Alois and Holzmann, Clemens and Riener, Andreas and Chavarriaga, Ricardo and Del R. Mill{\'{a}}n, Jose},
    number = {February},
    isbn = {9781424444397},
    doi = {10.1109/WOWMOM.2009.5282442}
}

@article{Reimers2017,
    title = {{Optimal Hyperparameters for Deep LSTM-Networks for Sequence Labeling Tasks}},
    year = {2017},
    author = {Reimers, Nils and Gurevych, Iryna},
    url = {http://arxiv.org/abs/1707.06799},
    arxivId = {1707.06799}
}

@misc{Ossur,
    title = {{{\"{O}}ssur Iberia - Life without limitations}},
    author = {{{\"{O}}ssur}},
    url = {https://www.ossur.co.uk/ https://www.ossur.es/ossur-iberia}
}

@article{Wang2019a,
    title = {{Pedestrian stride-length estimation based on LSTM and denoising autoencoders}},
    year = {2019},
    journal = {Sensors (Switzerland)},
    author = {Wang, Qu and Ye, Langlang and Luo, Haiyong and Men, Aidong and Zhao, Fang and Huang, Yan},
    number = {4},
    pages = {1--23},
    volume = {19},
    doi = {10.3390/s19040840},
    issn = {14248220},
    pmid = {30781668},
    keywords = {Deep learning, Indoor positioning, Pedestrian dead reckoning, Stride-length estimation, Walking distance}
}

@article{Wang2019,
    title = {{PerRNN: Personalized Recurrent Neural Networks for Acceleration-Based Human Activity Recognition}},
    year = {2019},
    journal = {IEEE International Conference on Communications},
    author = {Wang, Xufei and Liao, Weixian and Guo, Yifan and Yu, Lixing and Wang, Qianlong and Pan, Miao and Li, Pan},
    volume = {2019-May},
    publisher = {IEEE},
    isbn = {9781538680889},
    doi = {10.1109/ICC.2019.8761931},
    issn = {15503607}
}

@article{Nguyen2021,
    title = {{Personalization Models for Human Activity Recognition with Distribution Matching-Based Metrics}},
    year = {2021},
    journal = {Communications in Computer and Information Science},
    author = {Nguyen, Huy Thong and Kwon, Hyeokhyen and Haresamudram, Harish and Peterson, Andrew F. and Pl{\"{o}}tz, Thomas},
    pages = {43--56},
    volume = {1370},
    isbn = {9789811605741},
    doi = {10.1007/978-981-16-0575-8{\_}4},
    issn = {18650937}
}

@incollection{Schneider2021,
    title = {{Personalization of Deep Learning}},
    year = {2021},
    booktitle = {Data Science ‚Äì Analytics and Applications},
    author = {Schneider, Johannes and Vlachos, Michalis},
    pages = {89--96},
    publisher = {Springer Fachmedien Wiesbaden},
    url = {http://link.springer.com/10.1007/978-3-658-32182-6_14},
    address = {Wiesbaden},
    doi = {10.1007/978-3-658-32182-6{\_}14},
    arxivId = {1909.02803}
}

@article{Fallahzadeh2017,
    title = {{Personalization without user interruption: Boosting activity recognition in new subjects using unlabeled data}},
    year = {2017},
    journal = {Proceedings - 2017 ACM/IEEE 8th International Conference on Cyber-Physical Systems, ICCPS 2017 (part of CPS Week)},
    author = {Fallahzadeh, Ramin and Ghasemzadeh, Hassan},
    pages = {293--302},
    publisher = {ACM},
    isbn = {9781450349659},
    doi = {10.1145/3055004.3055015},
    keywords = {Activity recognition, Cross-subject boosting, Uninformed transfer learning}
}

@article{Fu2021,
    title = {{Personalized human activity recognition based on integrated wearable sensor and transfer learning}},
    year = {2021},
    journal = {Sensors (Switzerland)},
    author = {Fu, Zhongzheng and He, Xinrun and Wang, Enkai and Huo, Jun and Huang, Jian and Wu, Dongrui},
    number = {3},
    pages = {1--23},
    volume = {21},
    doi = {10.3390/s21030885},
    issn = {14248220},
    pmid = {33525538},
    keywords = {Air pressure sensor, Human activity recognition (HAR), Inertial measurement unit (IMU), Transfer learning, Wearable device}
}

@article{Cruciani2020,
    title = {{Personalizing activity recognition with a clustering based semi-population approach}},
    year = {2020},
    journal = {IEEE Access},
    author = {Cruciani, Federico and Nugent, Chris D. and Quero, Javier Medina and Cleland, Ian and McCullagh, Paul and Synnes, Kare and Hallberg, Josef},
    pages = {207794--207804},
    volume = {8},
    doi = {10.1109/ACCESS.2020.3038084},
    issn = {21693536},
    keywords = {Free-living, human activity recognition, neural networks, personalized machine learning, smartphones}
}

@article{Lin2014,
    title = {{Physical activity, functional capacity, and step variability during walking in people with lower-limb amputation}},
    year = {2014},
    journal = {Gait and Posture},
    author = {Lin, Suh Jen and Winston, Katie D and Mitchell, Jill and Girlinghouse, Jacob and Crochet, Karleigh},
    number = {1},
    pages = {140--144},
    volume = {40},
    isbn = {1879-2219; 0966-6362},
    doi = {10.1016/j.gaitpost.2014.03.012},
    issn = {18792219},
    pmid = {24731451},
    keywords = {Amputation, Functional capacity, Gait variability, Physical activity, Walk test}
}

@article{Katevas2014,
    title = {{Poster: SensingKit - A multi-platform mobile sensing framework for large-scale experiments}},
    year = {2014},
    journal = {Proceedings of the Annual International Conference on Mobile Computing and Networking, MOBICOM},
    author = {Katevas, Kleomenis and Haddadi, Hamed and Tokarchuk, Laurissa},
    pages = {375--377},
    isbn = {9781450327831},
    doi = {10.1145/2639108.2642910},
    keywords = {Android, Mobile sensing, Motion data, Spatio-temporal data, iOS}
}

@misc{Ossur2018,
    title = {{Power Knee: Instruction for use}},
    year = {2018},
    author = {{{\"{O}}ssur}},
    number = {Rev 12},
    pages = {1--39},
    volume = {IFU 0257{\_}E},
    url = {https://res.cloudinary.com/ossur/image/upload/v1573569995/product-documents/en-us/PN20033/IFUS/PN20033_Power_Knee.pdf},
    keywords = {Particle Size}
}

@article{Au2009,
    title = {{Powered ankle-foot prosthesis improves walking metabolic economy}},
    year = {2009},
    journal = {IEEE Transactions on Robotics},
    author = {Au, Samuel K and Weber, Jeff and Herr, Hugh},
    number = {1},
    pages = {51--66},
    volume = {25},
    url = {http://ieeexplore.ieee.org.},
    isbn = {1552-3098 VO - 25},
    doi = {10.1109/TRO.2008.2008747},
    issn = {15523098},
    keywords = {Amputee gait, Impedance control, Parallel elasticity, Powered prosthesis, Series elasticity, Walking metabolism}
}

@article{Au2008,
    title = {{Powered ankle-foot prosthesis to assist level-ground and stair-descent gaits}},
    year = {2008},
    journal = {Neural Networks},
    author = {Au, Samuel and Berniker, Max and Herr, Hugh},
    number = {4},
    pages = {654--666},
    volume = {21},
    isbn = {0893-6080 (Print)},
    doi = {10.1016/j.neunet.2008.03.006},
    issn = {08936080},
    pmid = {18499394},
    keywords = {Amputee gait, Impedance control, Myoelectric control, Powered prosthesis}
}

@article{Zhang2011,
    title = {{Preliminary design of a terrain recognition system}},
    year = {2011},
    journal = {Proceedings of the Annual International Conference of the IEEE Engineering in Medicine and Biology Society, EMBS},
    author = {Zhang, Fan and Fang, Zheng and Liu, Ming and Huang, He},
    pages = {5452--5455},
    isbn = {9781424441211},
    doi = {10.1109/IEMBS.2011.6091391},
    issn = {1557170X},
    pmid = {22255571}
}

@article{Zhang2012,
    title = {{Preliminary study of the effect of user intent recognition errors on volitional control of powered lower limb prostheses}},
    year = {2012},
    journal = {Proceedings of the Annual International Conference of the IEEE Engineering in Medicine and Biology Society, EMBS},
    author = {Zhang, Fan and Liu, Ming and Huang, He},
    pages = {2768--2771},
    isbn = {9781424441198},
    doi = {10.1109/EMBC.2012.6346538},
    issn = {1557170X},
    pmid = {23366499},
    arxivId = {NIHMS150003},
    keywords = {Motor learning, neural control, and neuromuscular, Neural rehabilitation - Sensory prostheses, Neuromuscular systems - Locomotion}
}

@misc{Proprio,
    title = {{PROPRIO FOOT{\textregistered}}},
    author = {{Ossur}},
    url = {https://www.ossur.com/en-gb/prosthetics/feet/proprio-foot}
}

@misc{blatchford2018,
    title = {{Prosthetic Feet - Prosthetic Product Catalogue - Blatchford}},
    author = {{Blatchford}},
    url = {https://www.blatchford.co.uk/products/category/prosthetics/feet/}
}

@article{Jaegers1995,
    title = {{Prosthetic gait of unilateral transfemoral amputees: A kinematic study}},
    year = {1995},
    journal = {Archives of Physical Medicine and Rehabilitation},
    author = {Jaegers, Sonja M.H.J. and Arendzen, J. Hans and de Jongh, Henry J.},
    number = {8},
    pages = {736--743},
    volume = {76},
    doi = {10.1016/S0003-9993(95)80528-1},
    issn = {00039993},
    pmid = {7632129}
}

@article{Malekzadeh2018,
    title = {{Protecting sensory data against sensitive inferences}},
    year = {2018},
    journal = {Proceedings of the Workshop on Privacy by Design in Distributed Systems, P2DS 2018, co-located with European Conference on Computer Systems, EuroSys 2018},
    author = {Malekzadeh, Mohammad and Cavallaro, Andrea and Clegg, Richard G. and Haddadi, Hamed},
    isbn = {9781450356541},
    doi = {10.1145/3195258.3195260},
    arxivId = {1802.07802},
    keywords = {Activity Recognition, Machine Learning, Privacy, Sensor Data, Time-Series Analysis}
}

@article{Botzel2018,
    title = {{Quantification of gait parameters with inertial sensors and inverse kinematics}},
    year = {2018},
    journal = {Journal of Biomechanics},
    author = {B{\"{o}}tzel, Kai and Olivares, Alberto and Cunha, Jo√£o Paulo and G{\'{o}}rriz S{\'{a}}ez, Juan Manuel and Weiss, Robin and Plate, Annika},
    pages = {207--214},
    volume = {72},
    doi = {10.1016/j.jbiomech.2018.03.012},
    issn = {18732380},
    pmid = {29602474},
    keywords = {Gait recording, Human, Inertial sensors, Kalman filter}
}

@misc{Shull2014,
    title = {{Quantified self and human movement: A review on the clinical impact of wearable sensing and feedback for gait analysis and intervention}},
    year = {2014},
    booktitle = {Gait and Posture},
    author = {Shull, Pete B and Jirattigalachote, Wisit and Hunt, Michael A and Cutkosky, Mark R and Delp, Scott L},
    number = {1},
    pages = {11--19},
    volume = {40},
    isbn = {1879-2219 (Electronic){\textbackslash}n0966-6362 (Linking)},
    doi = {10.1016/j.gaitpost.2014.03.189},
    issn = {18792219},
    pmid = {24768525},
    keywords = {Biofeedback, Gait retraining, Haptic, Motion analysis, Real-time feedback}
}

@article{Mummolo2013,
    title = {{Quantifying dynamic characteristics of human walking for comprehensive gait cycle}},
    year = {2013},
    journal = {Journal of Biomechanical Engineering},
    author = {Mummolo, Carlotta and Mangialardi, Luigi and Kim, Joo H.},
    number = {9},
    pages = {1--10},
    volume = {135},
    doi = {10.1115/1.4024755},
    issn = {01480731},
    pmid = {23775488},
    keywords = {Dynamic gait measure (DGM), Dynamic walking, Static balance instability, Zero-moment point (ZMP)}
}

@article{Sahoo2020a,
    title = {{Real-Time Detection of Actual and Early Gait Events during Level-Ground and Ramp Walking}},
    year = {2020},
    journal = {IEEE Sensors Journal},
    author = {Sahoo, Saikat and Saboo, Mahesh and Pratihar, Dilip Kumar and Mukhopadhyay, Sudipta},
    number = {14},
    pages = {8128--8136},
    volume = {20},
    publisher = {IEEE},
    doi = {10.1109/JSEN.2020.2980863},
    issn = {15581748},
    keywords = {Finite state control, gait events, inertial measurement unit, lower limb prosthesis, real-time}
}

@article{Hanlon2006,
    title = {{Real-time gait event detection using wearable sensors}},
    year = {2006},
    journal = {Gait {\&} Posture},
    author = {Hanlon, Michael and Anderson, Ross},
    pages = {S127-S128},
    volume = {24},
    doi = {10.1016/j.gaitpost.2006.11.088},
    issn = {09666362}
}

@inproceedings{Varol2008,
    title = {{Real-time gait mode intent recognition of a powered knee and ankle prosthesis for standing and walking}},
    year = {2008},
    booktitle = {Proceedings of the 2nd Biennial IEEE/RAS-EMBS International Conference on Biomedical Robotics and Biomechatronics, BioRob 2008},
    author = {Varol, Huseyin Atakan and Sup, Frank and Goldfarb, Michael},
    isbn = {9781424428830},
    doi = {10.1109/BIOROB.2008.4762860},
    issn = {2155-1774},
    pmid = {20431692}
}

@article{Xu2018,
    title = {{Real-Time On-Board Recognition of Continuous Locomotion Modes for Amputees with Robotic Transtibial Prostheses}},
    year = {2018},
    journal = {IEEE Transactions on Neural Systems and Rehabilitation Engineering},
    author = {Xu, Dongfang and Feng, Yanggang and Mai, Jingeng and Wang, Qining},
    number = {10},
    pages = {2015--2025},
    volume = {26},
    publisher = {IEEE},
    doi = {10.1109/TNSRE.2018.2870152},
    issn = {15344320},
    keywords = {Robotic transtibial prosthesis, continuous locomotion mode recognition, on-board, real-time}
}

@article{Hernandez2021,
    title = {{Recent Advances on Control of Active Lower Limb Prostheses}},
    year = {2021},
    journal = {IETE Technical Review (Institution of Electronics and Telecommunication Engineers, India)},
    author = {Hernandez, Ivan and Yu, Wen},
    url = {https://doi.org/10.1080/02564602.2021.1994477},
    doi = {10.1080/02564602.2021.1994477},
    issn = {09745971},
    keywords = {Active control, Limb prostheses}
}

@article{Zhao2018,
    title = {{Recognition of motion state by smartphone sensors using Bi-LSTM neural network}},
    year = {2018},
    journal = {Journal of Intelligent and Fuzzy Systems},
    author = {Zhao, Hong and Hou, Chunning},
    number = {2},
    pages = {1733--1742},
    volume = {35},
    doi = {10.3233/JIFS-169709},
    issn = {18758967},
    keywords = {Bi-LSTM neural network, Deep learning, TensorFlow, motion state, sensors of smartphone}
}

@article{Ebner2020,
    title = {{Recognition of typical locomotion activities based on the sensor data of a smartphone in pocket or hand}},
    year = {2020},
    journal = {Sensors (Switzerland)},
    author = {Ebner, Markus and Fetzer, Toni and Bullmann, Markus and Deinzer, Frank and Grzegorzek, Marcin},
    number = {22},
    pages = {1--35},
    volume = {20},
    doi = {10.3390/s20226559},
    issn = {14248220},
    pmid = {33212894},
    keywords = {Accelerometer, Activity recognition, Codebooks, Gyroscope, Indoor localization, Locomotion, Nearest neighbor, Principal component analysis, Sensor fusion, Smartphone, Support vector machine}
}

@article{Vaizman2017,
    title = {{Recognizing detailed human context in the wild from smartphones and smartwatches}},
    year = {2017},
    journal = {IEEE Pervasive Computing},
    author = {Vaizman, Yonatan and Ellis, Katherine and Lanckriet, Gert},
    number = {4},
    pages = {62--74},
    volume = {16},
    doi = {10.1109/MPRV.2017.3971131},
    issn = {15361268},
    arxivId = {1609.06354}
}

@article{Gers2000,
    title = {{Recurrent nets that time and count}},
    year = {2000},
    journal = {Proceedings of the International Joint Conference on Neural Networks},
    author = {Gers, Felix A. and Schmidhuber, Jurgen},
    pages = {189--194},
    volume = {3},
    doi = {10.1109/ijcnn.2000.861302}
}

@article{Tschiedel2020,
    title = {{Relying on more sense for enhancing lower limb prostheses control: a review}},
    year = {2020},
    journal = {Journal of neuroengineering and rehabilitation},
    author = {Tschiedel, Michael and Russold, Michael Friedrich and Kaniusas, Eugenijus},
    number = {1},
    pages = {99},
    volume = {17},
    publisher = {Journal of NeuroEngineering and Rehabilitation},
    doi = {10.1186/s12984-020-00726-x},
    issn = {17430003},
    pmid = {32680530},
    keywords = {Artificial limb, Contralateral, Environment, Locomotion mode estimation, Prosthesis control, Systematic review, Terrain}
}

@article{Bengio2013,
    title = {{Representation learning: A review and new perspectives}},
    year = {2013},
    journal = {IEEE Transactions on Pattern Analysis and Machine Intelligence},
    author = {Bengio, Yoshua and Courville, Aaron and Vincent, Pascal},
    number = {8},
    pages = {1798--1828},
    volume = {35},
    publisher = {IEEE},
    doi = {10.1109/TPAMI.2013.50},
    issn = {01628828},
    pmid = {23787338},
    arxivId = {1206.5538},
    keywords = {Boltzmann machine, Deep learning, autoencoder, feature learning, neural nets, representation learning, unsupervised learning}
}

@misc{MathWorks2018ResampleKingdom,
    title = {{Resample uniform or nonuniform data to new fixed rate - MATLAB resample - MathWorks United Kingdom}},
    year = {2018},
    author = {{MathWorks}},
    url = {https://uk.mathworks.com/help/signal/ref/resample.html}
}

@article{Wang2021a,
    title = {{Research on Gait Recognition Based on Lower Limb EMG Signal}},
    year = {2021},
    journal = {2021 IEEE International Conference on Mechatronics and Automation, ICMA 2021},
    author = {Wang, Junyao and Dai, Yuehong and Kang, Tong and Si, Xiaxi},
    pages = {212--217},
    isbn = {9781665441001},
    doi = {10.1109/ICMA52036.2021.9512759},
    keywords = {BP network, EMG signal, Gait recognition, Lower limb muscles}
}

@article{Wang2021,
    title = {{Research on the Improved CNN Deep Learning Method for Motion Intention Recognition of Dynamic Lower Limb Prosthesis}},
    year = {2021},
    journal = {Journal of Healthcare Engineering},
    author = {Wang, Qiulin},
    pages = {1--5},
    volume = {2021},
    doi = {10.1155/2021/7331692},
    issn = {2040-2295},
    pmid = {34912535}
}

@article{Ferris2017,
    title = {{Robotic Devices to Enhance Human Movement Performance}},
    year = {2017},
    journal = {Kinesiology Review},
    author = {Ferris, Daniel P. and Schlink, Bryan R.},
    number = {1},
    pages = {70--77},
    volume = {6},
    url = {http://journals.humankinetics.com/doi/10.1123/kr.2016-0040},
    doi = {10.1123/kr.2016-0040},
    issn = {2163-0453},
    keywords = {biological bodies to assist, biomechanics, could be merged with, electromyography, exoskeletons, human, in 1959, locomotion, movement, offered ways that machines, prosthetics, rehabilitation, robert heinlein wrote of, robotics, science fiction has long, soldiers}
}

@article{Hargrove2013,
    title = {{Robotic Leg Control with EMG Decoding in an Amputee with Nerve Transfers}},
    year = {2013},
    journal = {New England Journal of Medicine},
    author = {Hargrove, Levi J. and Simon, Ann M. and Young, Aaron J. and Lipschutz, Robert D. and Finucane, Suzanne B. and Smith, Douglas G. and Kuiken, Todd A.},
    number = {13},
    pages = {1237--1242},
    volume = {369},
    url = {http://www.nejm.org/doi/10.1056/NEJMoa1300126},
    isbn = {1533-4406},
    doi = {10.1056/NEJMoa1300126},
    issn = {0028-4793},
    pmid = {24066744}
}

@article{Khera2020,
    title = {{Role of machine learning in gait analysis: a review}},
    year = {2020},
    journal = {Journal of Medical Engineering and Technology},
    author = {Khera, Preeti and Kumar, Neelesh},
    number = {8},
    pages = {441--467},
    volume = {44},
    publisher = {Taylor {\&} Francis},
    url = {https://doi.org/10.1080/03091902.2020.1822940},
    doi = {10.1080/03091902.2020.1822940},
    issn = {1464522X},
    pmid = {33078988},
    keywords = {Artificial intelligence (AI), gait analysis, gait rehabilitation, machine learning (ML), pathology detection}
}

@article{Li2019,
    title = {{Segmentation and Recognition of Basic and Transitional Activities for Continuous Physical Human Activity}},
    year = {2019},
    journal = {IEEE Access},
    author = {Li, Jun Huai and Tian, Ling and Wang, Huaijun and An, Yang and Wang, Kan and Yu, Lei},
    pages = {42565--42576},
    volume = {7},
    doi = {10.1109/ACCESS.2019.2905575},
    issn = {21693536},
    keywords = {Human activity recognition, cluster analysis, period extraction, transitional activities}
}

@inproceedings{Yun2007,
    title = {{Self-contained Position Tracking of Human Movement Using Small Inertial/Magnetic Sensor Modules}},
    year = {2007},
    booktitle = {Proceedings 2007 IEEE International Conference on Robotics and Automation},
    author = {Yun, Xiaoping and Bachmann, Eric R. and Moore, Hyatt and Calusdian, James},
    month = {4},
    pages = {2526--2533},
    volume = {24},
    publisher = {IEEE},
    isbn = {1-4244-0602-1},
    doi = {10.1109/ROBOT.2007.363845},
    issn = {1050-4729},
    keywords = {Acceleration sensor, Gait analysis, Gyro sensor}
}

@misc{Seniam,
    title = {{SENIAM. Project - Sensor placement}},
    year = {2005},
    url = {http://www.seniam.org/}
}

@article{Chung2019,
    title = {{Sensor data acquisition and multimodal sensor fusion for human activity recognition using deep learning}},
    year = {2019},
    journal = {Sensors (Switzerland)},
    author = {Chung, Seungeun and Lim, Jiyoun and Noh, Kyoung Ju and Kim, Gague and Jeong, Hyuntae},
    number = {7},
    volume = {19},
    doi = {10.3390/s19071716},
    issn = {14248220},
    pmid = {30974845},
    keywords = {Classifier-level ensemble, Deep learning, Human activity recognition, Long short-term memory network, Mobile sensing, Multimodal sensor fusion, Sensor position}
}

@article{Mekruksavanich2020,
    title = {{Smartwatch-based Human Activity Recognition Using Hybrid LSTM Network}},
    year = {2020},
    journal = {Proceedings of IEEE Sensors},
    author = {Mekruksavanich, Sakorn and Jitpattanakul, Anuchit},
    pages = {8--11},
    volume = {2020-Octob},
    isbn = {9781728168012},
    doi = {10.1109/SENSORS47125.2020.9278630},
    issn = {21689229},
    keywords = {deep learning, human activity recognition, hybrid LSTM, smartwatch, wearable devices}
}

@article{Zhang2013,
    title = {{Source selection for real-time user intent recognition toward volitional control of artificial legs}},
    year = {2013},
    journal = {IEEE Journal of Biomedical and Health Informatics},
    author = {Zhang, Fan and Huang, He},
    number = {5},
    pages = {907--914},
    volume = {17},
    publisher = {IEEE},
    doi = {10.1109/JBHI.2012.2236563},
    issn = {21682194},
    keywords = {Artificial legs, data source selection, real time, user intent recognition, volitional control}
}

@article{Aminian2002,
    title = {{Spatio-temporal parameters of gait measured by an ambulatory system using miniature gyroscopes}},
    year = {2002},
    journal = {Journal of Biomechanics},
    author = {Aminian, K. and Najafi, B. and B{\"{u}}la, C. and Leyvraz, P. F. and Robert, Ph},
    number = {5},
    pages = {689--699},
    volume = {35},
    isbn = {0021-9290 (Print)},
    doi = {10.1016/S0021-9290(02)00008-8},
    issn = {00219290},
    pmid = {11955509},
    arxivId = {arXiv:1011.1669v3},
    keywords = {Ambulatory system, Gait analysis, Gyroscope, Stride velocity, Wavelet analysis}
}

@misc{movesenseImg2019,
    title = {{Spotlight: Suunto MOVESENSE}},
    year = {2019},
    author = {{The5krunner}},
    url = {https://the5krunner.com/2019/02/10/spotlight-suunto-movesense-ukrunchat-uktrichat/}
}

@article{Aldridge2012,
    title = {{Stair ascent kinematics and kinetics with a powered lower leg system following transtibial amputation}},
    year = {2012},
    journal = {Gait and Posture},
    author = {Aldridge, Jennifer M. and Sturdy, Jordan T. and Wilken, Jason M.},
    number = {2},
    pages = {291--295},
    volume = {36},
    publisher = {Elsevier B.V.},
    url = {http://dx.doi.org/10.1016/j.gaitpost.2012.03.013},
    doi = {10.1016/j.gaitpost.2012.03.013},
    issn = {09666362},
    keywords = {Amputee, Biomechanics, Powered prosthesis, Stair ascent, Transtibial}
}

@article{Coley2005,
    title = {{Stair climbing detection during daily physical activity using a miniature gyroscope}},
    year = {2005},
    journal = {Gait {\&} Posture},
    author = {Coley, Brian and Najafi, Bijan and Paraschiv-Ionescu, Anisoara and Aminian, Kamiar},
    number = {4},
    pages = {287--294},
    volume = {22},
    url = {www.elsevier.com/locate/gaitpost http://linkinghub.elsevier.com/retrieve/pii/S0966636204002553},
    isbn = {0966-6362 (Print){\textbackslash}n0966-6362 (Linking)},
    doi = {10.1016/j.gaitpost.2004.08.008},
    issn = {09666362},
    pmid = {16274909},
    keywords = {Ambulatory system, Gait and posture analysis, Kinematic sensors, Stair ascent}
}

@article{Svensson2007,
    title = {{Stair Gait Classification from Kinematic Sensors}},
    year = {2007},
    journal = {Rehabilitation Robotics},
    author = {Svensson, Wolfgang and Holmberg, Ulf},
    doi = {10.5772/5178}
}

@misc{GoogleDevelopers2018,
    title = {{Static vs. Dynamic Training | Machine Learning Crash Course | Google Developers}},
    year = {2018},
    author = {{Google Developers}},
    url = {https://developers.google.com/machine-learning/crash-course/static-vs-dynamic-training/video-lecture}
}

@article{Hak2014,
    title = {{Stepping asymmetry among individuals with unilateral transtibial limb loss might be functional in terms of gait stability}},
    year = {2014},
    journal = {Physical Therapy},
    author = {Hak, Laura and Van Die{\"{e}}n, Jaap H. and Van Der Wurff, Peter and Houdijk, Han},
    number = {10},
    pages = {1480--1488},
    volume = {94},
    doi = {10.2522/ptj.20130431},
    issn = {15386724},
    pmid = {24903115}
}

@article{Simon2013,
    title = {{Strategies to reduce the configuration time for a powered knee and ankle prosthesis across multiple ambulation modes}},
    year = {2013},
    journal = {IEEE International Conference on Rehabilitation Robotics},
    author = {Simon, Ann M. and Fey, Nicholas P. and Finucane, Suzanne B. and Lipschutz, Robert D. and Hargrove, Levi J.},
    pages = {0--5},
    publisher = {IEEE},
    isbn = {9781467360241},
    doi = {10.1109/ICORR.2013.6650371},
    issn = {19457898},
    pmid = {24187190},
    keywords = {lower limb amputation, mechanically active prosthesis, prosthesis control, transfemoral amputee}
}

@article{Dehghani2019,
    title = {{Subject Cross Validation in Human Activity Recognition}},
    year = {2019},
    journal = {CoRR},
    author = {Dehghani, Akbar and Glatard, Tristan and Shihab, Emad},
    month = {4},
    volume = {abs/1904.0},
    url = {http://arxiv.org/abs/1904.02666},
    arxivId = {1904.02666},
    keywords = {acm reference format, cross validation, data mining, human activity recognition, machine learning, sensors, series classification, time}
}

@book{Graves2012,
    title = {{Supervised Sequence Labelling with Recurrent Neural Networks}},
    year = {2012},
    author = {Graves, Alex},
    number = {5},
    pages = {5--13},
    series = {Studies in Computational Intelligence},
    volume = {385},
    publisher = {Springer Berlin Heidelberg},
    url = {http://link.springer.com/10.1007/978-3-642-24797-2},
    address = {Berlin, Heidelberg},
    isbn = {2000201075},
    doi = {10.1007/978-3-642-24797-2},
    issn = {01406736},
    pmid = {7491034},
    arxivId = {arXiv:1308.0850v1}
}

@article{Xi2019,
    title = {{Surface Electromyography-Based Daily Activity Recognition Using Wavelet Coherence Coefficient and Support Vector Machine}},
    year = {2019},
    journal = {Neural Processing Letters},
    author = {Xi, Xugang and Yang, Chen and Shi, Jiahao and Luo, Zhizeng and Zhao, Yun Bo},
    number = {3},
    pages = {2265--2280},
    volume = {50},
    publisher = {Springer US},
    url = {https://doi.org/10.1007/s11063-019-10008-w},
    isbn = {0123456789},
    doi = {10.1007/s11063-019-10008-w},
    issn = {1573773X},
    keywords = {Activity recognition, Electromyography, Support vector machine, Wavelet coherence coefficients, Wavelet transforms}
}

@article{Ochoa-Diaz2020,
    title = {{Symmetry analysis of amputee gait based on body center of mass trajectory and discrete fourier transform}},
    year = {2020},
    journal = {Sensors (Switzerland)},
    author = {Ochoa-Diaz, Claudia and B{\'{o}}, Ant√¥nio Padilha L.},
    number = {8},
    volume = {20},
    doi = {10.3390/s20082392},
    issn = {14248220},
    pmid = {32340117},
    keywords = {Center of mass, Fourier analysis, Kinematics, Lower-limb amputation}
}

@article{Stewart2008,
    title = {{Synopsis of Causation Lower Limb Amputation}},
    year = {2008},
    journal = {Ministry Of Defence},
    author = {Stewart, C},
    number = {September 2008},
    pages = {1--25}
}

@article{Novacheck1998,
    title = {{The biomechanics of running}},
    year = {1998},
    journal = {Gait {\&} Posture},
    author = {Novacheck, Tom F},
    number = {1},
    month = {1},
    pages = {77--95},
    volume = {7},
    url = {https://linkinghub.elsevier.com/retrieve/pii/S0966636297000386},
    doi = {10.1016/S0966-6362(97)00038-6},
    issn = {09666362}
}

@article{Yu2019b,
    title = {{The Design, Control, and Testing of an Integrated Electrohydrostatic Powered Ankle Prosthesis}},
    year = {2019},
    journal = {IEEE/ASME Transactions on Mechatronics},
    author = {Yu, Tian and Plummer, Andrew R. and Iravani, Pejman and Bhatti, Jawaad and Zahedi, Saeed and Moser, David},
    number = {3},
    pages = {1011--1022},
    volume = {24},
    publisher = {IEEE},
    doi = {10.1109/TMECH.2019.2911685},
    issn = {10834435},
    keywords = {Electrohydrostatic actuation (EHA), medical robotics, powered ankle prosthesis}
}

@article{Kimel-Naor2017,
    title = {{The effect of uphill and downhill walking on gait parameters: A self-paced treadmill study}},
    year = {2017},
    journal = {Journal of Biomechanics},
    author = {Kimel-Naor, Shani and Gottlieb, Amihai and Plotnik, Meir},
    pages = {142--149},
    volume = {60},
    url = {http://dx.doi.org/10.1016/j.jbiomech.2017.06.030},
    doi = {10.1016/j.jbiomech.2017.06.030},
    issn = {18732380},
    pmid = {28757238},
    keywords = {Biomechanics, Gait parameters, Inclined walking, Motor function, Self-paced walking, Virtual reality}
}

@article{Franz2012a,
    title = {{The effects of grade and speed on leg muscle activations during walking}},
    year = {2012},
    journal = {Gait and Posture},
    author = {Franz, Jason R. and Kram, Rodger},
    number = {1},
    pages = {143--147},
    volume = {35},
    publisher = {Elsevier B.V.},
    url = {http://dx.doi.org/10.1016/j.gaitpost.2011.08.025},
    doi = {10.1016/j.gaitpost.2011.08.025},
    issn = {09666362},
    pmid = {21962846},
    keywords = {Downhill, EMG, Electromyography, Muscle activity, Uphill}
}

@article{Ventura2011,
    title = {{The effects of prosthetic ankle dorsiflexion and energy return on below-knee amputee leg loading}},
    year = {2011},
    journal = {Clinical Biomechanics},
    author = {Ventura, Jessica D. and Klute, Glenn K. and Neptune, Richard R.},
    number = {3},
    pages = {298--303},
    volume = {26},
    publisher = {Elsevier Ltd},
    url = {http://dx.doi.org/10.1016/j.clinbiomech.2010.10.003},
    doi = {10.1016/j.clinbiomech.2010.10.003},
    issn = {02680033},
    keywords = {Biomechanics, Gait, Joint kinetics, Prosthesis, Transtibial amputee, Walking}
}

@article{Lay2007,
    title = {{The effects of sloped surfaces on locomotion: An electromyographic analysis}},
    year = {2007},
    journal = {Journal of Biomechanics},
    author = {Lay, Andrea N. and Hass, Chris J. and Richard Nichols, T. and Gregor, Robert J.},
    number = {6},
    pages = {1276--1285},
    volume = {40},
    doi = {10.1016/j.jbiomech.2006.05.023},
    issn = {00219290},
    pmid = {16872616},
    keywords = {Biomechanics, EMG, Incline, Muscle activity, Neural control, Slope walking}
}

@article{Waters1999,
    title = {{The energy expenditure of normal and pathologic gait}},
    year = {1999},
    journal = {Gait and Posture},
    author = {Waters, Robert L. and Mulroy, Sara},
    number = {3},
    pages = {207--231},
    volume = {9},
    doi = {10.1016/S0966-6362(99)00009-0},
    issn = {09666362},
    pmid = {10575082},
    keywords = {Age, Metabolism}
}

@article{Shah2020,
    title = {{The gait cycle and its variations with disease and injury}},
    year = {2020},
    journal = {Orthopaedics and Trauma},
    author = {Shah, Kanishk and Solan, Matthew and Dawe, Edward},
    number = {3},
    pages = {153--160},
    volume = {34},
    publisher = {Elsevier Ltd},
    url = {https://doi.org/10.1016/j.mporth.2020.03.009},
    doi = {10.1016/j.mporth.2020.03.009},
    issn = {18771335},
    keywords = {basic science, cerebral palsy, gait cycle, limb length discrepancy}
}

@article{Burkov2019,
    title = {{The hundred-page machine learning book}},
    year = {2019},
    journal = {Expert Systems},
    author = {Burkov, Andriy},
    month = {5},
    url = {https://onlinelibrary.wiley.com/doi/10.1111/j.1468-0394.1988.tb00341.x},
    issn = {9781999579517}
}

@article{Lechler2018,
    title = {{The importance of additional mid swing toe clearance for amputees}},
    year = {2018},
    journal = {Canadian Prosthetics and Orthotics Journal},
    author = {Lechler, K. and Kristjansson, K.},
    number = {2},
    pages = {0--6},
    volume = {1},
    doi = {10.33137/cpoj.v1i2.30813},
    issn = {2561987X},
    keywords = {Amputee, Lower limb prosthesis, Mobility, Polycentric axis knees, Prosthetic foot, Prosthetics, Toe clearance}
}

@article{Ngo2014,
    title = {{The largest inertial sensor-based gait database and performance evaluation of gait-based personal authentication}},
    year = {2014},
    journal = {Pattern Recognition},
    author = {Ngo, Thanh Trung and Makihara, Yasushi and Nagahara, Hajime and Mukaigawa, Yasuhiro and Yagi, Yasushi},
    number = {1},
    pages = {228--237},
    volume = {47},
    url = {http://dx.doi.org/10.1016/j.patcog.2013.06.028},
    isbn = {978-1-4673-0397-2},
    doi = {10.1016/j.patcog.2013.06.028},
    issn = {00313203},
    keywords = {Gait-based owner authentication, Inertial sensor, Large-scale database, Performance evaluation}
}

@article{Vavoulas2016,
    title = {{The MobiAct dataset: Recognition of activities of daily living using smartphones}},
    year = {2016},
    journal = {ICT4AWE 2016 - 2nd International Conference on Information and Communication Technologies for Ageing Well and e-Health, Proceedings},
    author = {Vavoulas, George and Chatzaki, Charikleia and Malliotakis, Thodoris and Pediaditis, Matthew and Tsiknakis, Manolis},
    number = {Ict4awe},
    pages = {143--151},
    isbn = {9789897581809},
    doi = {10.5220/0005792401430151},
    keywords = {Accelerometer, Activities of daily living, Dataset, Human activity recognition, Smartphone}
}

@misc{NgoData2014,
    title = {{The OU-ISIR Gait Database, Inertial Sensor Dataset}},
    year = {2014},
    author = {Ngo, Thanh Trung and Makihara, Yasushi and Nagahara, Hajime and Mukaigawa, Yasuhiro and Yagi, Yasushi},
    url = {http://www.am.sanken.osaka-u.ac.jp/BiometricDB/InertialGait.html}
}

@article{Ahmad2016,
    title = {{The prevalence of major lower limb amputation in the diabetic and non-diabetic population of England 2003-2013}},
    year = {2016},
    journal = {Diabetes and Vascular Disease Research},
    author = {Ahmad, Naseer and Thomas, G Neil and Gill, Paramjit and Torella, Francesco},
    number = {5},
    month = {9},
    pages = {348--353},
    volume = {13},
    publisher = {SAGE PublicationsSage UK: London, England},
    doi = {10.1177/1479164116651390},
    issn = {17528984},
    pmid = {27334482},
    keywords = {Amputation, endovascular, peripheral arterial disease, revascularisation}
}

@article{Ryall2003,
    title = {{The SIGAM mobility grades: A new population-specific measure for lower limb amputees}},
    year = {2003},
    journal = {Disability and Rehabilitation},
    author = {Ryall, Nicola H. and Eyres, S. B. and Neumann, V. C. and Bhakta, B. B. and Tennant, A.},
    number = {15},
    pages = {833--844},
    volume = {25},
    doi = {10.1080/0963828021000056460},
    issn = {09638288}
}

@article{Vaughan2003,
    title = {{Theories of bipedal walking: An odyssey}},
    year = {2003},
    journal = {Journal of Biomechanics},
    author = {Vaughan, Christopher L.},
    number = {4},
    pages = {513--523},
    volume = {36},
    doi = {10.1016/S0021-9290(02)00419-0},
    issn = {00219290},
    pmid = {12600342},
    keywords = {Bipedal walking, Gait theories}
}

@misc{TMR2018,
    title = {{TMR: What is TMR?}},
    booktitle = {Ottbock},
    url = {http://www.tmr-rehabilitation.com/de/about-tmr/what-is-tmr/}
}

@article{Griffin2012,
    title = {{Toe Amputation: A predictor of future limb loss?}},
    year = {2012},
    journal = {Journal of Diabetes and its Complications},
    author = {Griffin, Kathryn J and Rashid, Tawqeer S and Bailey, Marc A and Bird, Sarah A and Bridge, Katherine and Scott, Julian D.A.},
    number = {3},
    pages = {251--254},
    volume = {26},
    isbn = {1056-8727},
    doi = {10.1016/j.jdiacomp.2012.03.003},
    issn = {10568727},
    pmid = {22516530}
}

@article{Awad2016,
    title = {{Towards a Smart Semi-Active Prosthetic Leg: Preliminary Assessment and Testing}},
    year = {2016},
    journal = {IFAC-PapersOnLine},
    author = {Awad, M I and Abouhossein, A and Dehghani-Sanij, A A and Richardson, R and Moser, D and Zahedi, S and Bradley, D},
    number = {21},
    pages = {170--176},
    volume = {49},
    publisher = {Elsevier},
    doi = {10.1016/j.ifacol.2016.10.539},
    issn = {24058963},
    keywords = {Biomechatronics, Biomedical systems, Bionics, Prosthetic knee, Prosthetic systems integration, Smart Bio-leg, Transfemoral amputee}
}

@article{Gregg2014a,
    title = {{Towards biomimetic virtual constraint control of a powered prosthetic leg}},
    year = {2014},
    journal = {IEEE Transactions on Control Systems Technology},
    author = {Gregg, Robert D and Sensinger, Jonathon W},
    number = {1},
    pages = {246--254},
    volume = {22},
    isbn = {9781479901784},
    doi = {10.1109/TCST.2012.2236840},
    issn = {10636536},
    pmid = {25552894},
    arxivId = {NIHMS150003},
    keywords = {Bipedal walking, feedback linearization, prosthetic control systems, robotics, virtual constraints}
}

@article{Shor2020,
    title = {{Towards learning a universal non-semantic representation of speech}},
    year = {2020},
    journal = {Proceedings of the Annual Conference of the International Speech Communication Association, INTERSPEECH},
    author = {Shor, Joel and Jansen, Aren and Maor, Ronnie and Lang, Oran and Tuval, Omry and de Chaumont Quitry, F√©lix and Tagliasacchi, Marco and Shavitt, Ira and Emanuel, Dotan and Haviv, Yinnon},
    pages = {140--144},
    volume = {2020-Octob},
    doi = {10.21437/Interspeech.2020-1242},
    issn = {19909772},
    arxivId = {2002.12764}
}

@article{Bazargan-Lari2015,
    title = {{Tracking control of a human swing leg considering self-impact joint constraint by feedback linearization method}},
    year = {2015},
    journal = {Control Engineering and Applied Informatics},
    author = {Bazargan-Lari, Yousef and Eghtesad, Mohammad and Khoogar, Ahmadreza and Mohammad-Zadeh, Alireza},
    number = {1},
    pages = {99--110},
    volume = {17},
    isbn = {4567890123456},
    issn = {14548658},
    keywords = {Feedback linearization, Leg locomotion, Movable double pendulum, Self-impact joint constraint, Single support phase, Swing leg}
}

@article{Rabuffetti2005,
    title = {{Trans-femoral amputee gait: Socket-pelvis constraints and compensation strategies}},
    year = {2005},
    journal = {Prosthetics and Orthotics International},
    author = {Rabuffetti, Marco and Recalcati, M. and Ferrarin, M.},
    number = {2},
    month = {8},
    pages = {183--192},
    volume = {29},
    doi = {10.1080/03093640500217182},
    issn = {03093646},
    pmid = {16281727},
    keywords = {Compensation strategies, Gait, Socket, Trans-femoral amputee}
}

@article{AlHafizKhan2017,
    title = {{TransAct: Transfer learning enabled activity recognition}},
    year = {2017},
    journal = {2017 IEEE International Conference on Pervasive Computing and Communications Workshops, PerCom Workshops 2017},
    author = {Al Hafiz Khan, Md Abdullah and Roy, Nirmalya},
    pages = {545--550},
    publisher = {IEEE},
    isbn = {9781509043385},
    doi = {10.1109/PERCOMW.2017.7917621}
}

@article{Cook2013,
    title = {{Transfer learning for activity recognition: A survey}},
    year = {2013},
    journal = {Knowledge and Information Systems},
    author = {Cook, Diane and Feuz, Kyle D. and Krishnan, Narayanan C.},
    number = {3},
    pages = {537--556},
    volume = {36},
    doi = {10.1007/s10115-013-0665-3},
    issn = {02193116},
    keywords = {Activity recognition, Machine learning, Smart environments, Transfer learning}
}

@article{Reyes-Ortiz2016,
    title = {{Transition-Aware Human Activity Recognition Using Smartphones}},
    year = {2016},
    journal = {Neurocomputing},
    author = {Reyes-Ortiz, Jorge L. and Oneto, Luca and Sam{\`{a}}, Albert and Parra, Xavier and Anguita, Davide},
    pages = {754--767},
    volume = {171},
    doi = {10.1016/j.neucom.2015.07.085},
    issn = {18728286},
    keywords = {Activity Recognition, Machine learning, Smartphones, Support Vector Machines, Transitions}
}

@article{Stolyarov2018,
    title = {{Translational Motion Tracking of Leg Joints for Enhanced Prediction of Walking Tasks}},
    year = {2018},
    journal = {IEEE Transactions on Biomedical Engineering},
    author = {Stolyarov, Roman and Burnett, Gary and Herr, Hugh},
    number = {4},
    pages = {763--769},
    volume = {65},
    doi = {10.1109/TBME.2017.2718528},
    issn = {15582531},
    pmid = {28650802},
    keywords = {Intent recognition, inertial measurement, machine learning, wearable robotics}
}

@article{Nguyen2021a,
    title = {{Trends in human activity recognition with focus on machine learning and power requirements}},
    year = {2021},
    journal = {Machine Learning with Applications},
    author = {Nguyen, Binh and Coelho, Yves and Bastos, Teodiano and Krishnan, Sridhar},
    number = {June},
    pages = {100072},
    volume = {5},
    publisher = {Elsevier Ltd.},
    url = {https://doi.org/10.1016/j.mlwa.2021.100072},
    doi = {10.1016/j.mlwa.2021.100072},
    issn = {26668270}
}

@article{Rabe2021,
    title = {{Ultrasound Sensing Can Improve Continuous Classification of Discrete Ambulation Modes Compared to Surface Electromyography}},
    year = {2021},
    journal = {IEEE Transactions on Biomedical Engineering},
    author = {Rabe, Kaitlin G. and Jahanandish, Mohammad Hassan and Boehm, Jacob R. and Majewicz Fey, Ann and Hoyt, Kenneth and Fey, Nicholas P.},
    number = {4},
    pages = {1379--1388},
    volume = {68},
    doi = {10.1109/TBME.2020.3032077},
    issn = {15582531},
    pmid = {33085612},
    keywords = {Assistive technology, electromyography, ultrasound}
}

@article{Sherratt2021,
    title = {{Understanding LSTM Network Behaviour of IMU-Based}},
    year = {2021},
    journal = {Sensors},
    author = {Sherratt, Freddie and Plummer, Andrew and Iravani, Pejman},
    number = {1264},
    volume = {21},
    isbn = {1225384494},
    doi = {10.3390/s21041264}
}

@misc{Olah2015,
    title = {{Understanding LSTM Networks [Blog]}},
    year = {2015},
    booktitle = {Web Page},
    author = {Olah, Christopher},
    pages = {1--13},
    url = {http://colah.github.io/posts/2015-08-Understanding-LSTMs/},
    isbn = {9780874216561},
    issn = {0717-6163},
    pmid = {15003161},
    arxivId = {arXiv:1011.1669v3}
}

@book{Shalev-Shwartz2014,
    title = {{Understanding machine learning: From theory to algorithms}},
    year = {2014},
    booktitle = {Understanding Machine Learning: From Theory to Algorithms},
    author = {Shalev-Shwartz, Shai and Ben-David, Shai},
    publisher = {Cambridge University Press},
    address = {Cambridge},
    isbn = {9781107298019},
    doi = {10.1017/CBO9781107298019}
}

@article{Glorot2010,
    title = {{Understanding the difficulty of training deep feedforward neural networks}},
    year = {2010},
    journal = {Journal of Machine Learning Research},
    author = {Glorot, Xavier and Bengio, Yoshua},
    pages = {249--256},
    volume = {9},
    issn = {15324435}
}

@article{Micucci2017,
    title = {{UniMiB SHAR: A dataset for human activity recognition using acceleration data from smartphones}},
    year = {2017},
    journal = {Applied Sciences (Switzerland)},
    author = {Micucci, Daniela and Mobilio, Marco and Napoletano, Paolo},
    number = {10},
    volume = {7},
    doi = {10.3390/app7101101},
    issn = {20763417},
    arxivId = {1611.07688},
    keywords = {Activity of daily living recognition, Dataset, Fall detection, Human activity recognition, Smartphone accelerometers}
}

@article{Sup2011,
    title = {{Upslope walking with a powered knee and ankle prosthesis: Initial results with an amputee subject}},
    year = {2011},
    journal = {IEEE Transactions on Neural Systems and Rehabilitation Engineering},
    author = {Sup, Frank and Varol, Huseyin Atakan and Goldfarb, Michael},
    number = {1},
    pages = {71--78},
    volume = {19},
    isbn = {1534-4320},
    doi = {10.1109/TNSRE.2010.2087360},
    issn = {15344320},
    pmid = {20952344},
    keywords = {Biomechatronics, controller design, powered prosthesis, sloped walking}
}

@article{Montgomery2018,
    title = {{Use of a powered ankle‚Äìfoot prosthesis reduces the metabolic cost of uphill walking and improves leg work symmetry in people with transtibial amputations}},
    year = {2018},
    journal = {Journal of the Royal Society Interface},
    author = {Montgomery, Jana R. and Grabowski, Alena M.},
    number = {145},
    volume = {15},
    doi = {10.1098/rsif.2018.0442},
    issn = {17425662},
    pmid = {30158189},
    keywords = {Amputee, Gait, Leg work, Prosthetic, Slopes, Step-to-step transition}
}

@article{Mireshghallah2021,
    title = {{UserIdentifier: Implicit User Representations for Simple and Effective Personalized Sentiment Analysis}},
    year = {2021},
    author = {Mireshghallah, Fatemehsadat and Shrivastava, Vaishnavi and Shokouhi, Milad and Berg-Kirkpatrick, Taylor and Sim, Robert and Dimitriadis, Dimitrios},
    url = {http://arxiv.org/abs/2110.00135},
    arxivId = {2110.00135}
}

@inproceedings{Alendar2011,
    title = {{Using Active Learning to Allow Activity Recognition on a Large Scale}},
    year = {2011},
    booktitle = {Ambient Intelligence},
    author = {Alemdar, Hande and van Kasteren, Tim L. M. and Ersoy, Cem},
    editor = {Keyson, David V and Maher, Mary Lou and Streitz, Norbert and Cheok, Adrian and Augusto, Juan Carlos and Wichert, Reiner and Englebienne, Gwenn and Aghajan, Hamid and Kr{\"{o}}se, Ben J A},
    pages = {105--114},
    publisher = {Springer Berlin Heidelberg},
    url = {http://link.springer.com/10.1007/978-3-642-25167-2_12},
    address = {Berlin, Heidelberg},
    isbn = {978-3-642-25166-5},
    doi = {10.1007/978-3-642-25167-2{\_}12},
    issn = {0302-9743}
}

@article{Minor1998,
    title = {{Utilization of GPS/MEMS-IMU for measurement of dynamics for range testing of missiles and rockets}},
    year = {1998},
    journal = {Record - IEEE PLANS, Position Location and Navigation Symposium},
    author = {Minor, Roy R. and Rowe, David W.},
    pages = {602},
    isbn = {0780343301},
    doi = {10.1109/plans.1998.670219}
}

@inproceedings{Patterson2016,
    title = {{Validation of temporal gait metrics from three IMU locations to the gold standard force plate}},
    year = {2016},
    booktitle = {Proceedings of the Annual International Conference of the IEEE Engineering in Medicine and Biology Society, EMBS},
    author = {Patterson, Matthew R and Johnston, William and O'Mahony, Niamh and O'Mahony, Sam and Nolan, Eimear and Caulfield, Brian},
    pages = {667--671},
    volume = {2016-Octob},
    isbn = {9781457702204},
    doi = {10.1109/EMBC.2016.7590790},
    issn = {1557170X},
    pmid = {28268416}
}

@article{Washabaugh2017,
    title = {{Validity and repeatability of inertial measurement units for measuring gait parameters}},
    year = {2017},
    journal = {Gait and Posture},
    author = {Washabaugh, Edward P. and Kalyanaraman, Tarun and Adamczyk, Peter G. and Claflin, Edward S. and Krishnan, Chandramouli},
    number = {April},
    pages = {87--93},
    volume = {55},
    isbn = {0966-6362},
    doi = {10.1016/j.gaitpost.2017.04.013},
    issn = {18792219},
    pmid = {28433867},
    keywords = {Accuracy, Biomechanics, Gait detection, Inertial sensors, Wearable, Wearable devices}
}

@article{Drevelle2014,
    title = {{Vaulting quantification during level walking of transfemoral amputees}},
    year = {2014},
    journal = {Clinical Biomechanics},
    author = {Drevelle, Xavier and Villa, Coralie and Bonnet, Xavier and Loiret, Isabelle and Fod{\'{e}}, Pascale and Pillet, H√©l√®ne},
    number = {6},
    pages = {679--683},
    volume = {29},
    publisher = {Elsevier Ltd},
    url = {http://dx.doi.org/10.1016/j.clinbiomech.2014.04.006},
    doi = {10.1016/j.clinbiomech.2014.04.006},
    issn = {18791271},
    pmid = {24835798},
    keywords = {Biomechanics, Gait analysis, Kinematics, Kinetics, Transfemoral amputees, Vaulting}
}

@article{Gregg2014,
    title = {{Virtual constraint control of a powered prosthetic leg: From simulation to experiments with transfemoral amputees}},
    year = {2014},
    journal = {IEEE Transactions on Robotics},
    author = {Gregg, Robert D. and Lenzi, Tommaso and Hargrove, Levi J. and Sensinger, Jonathon W.},
    number = {6},
    pages = {1455--1471},
    volume = {30},
    isbn = {0000000000000},
    doi = {10.1109/TRO.2014.2361937},
    issn = {15523098},
    pmid = {19121661},
    arxivId = {NIHMS150003},
    keywords = {Legged locomotion, Prosthetics, Rehabilitation robotics, Robot control, Virtual constraints}
}

@inproceedings{Kannape2014,
    title = {{Volitional control of ankle plantar flexion in a powered transtibial prosthesis during stair-ambulation}},
    year = {2014},
    booktitle = {2014 36th Annual International Conference of the IEEE Engineering in Medicine and Biology Society, EMBC 2014},
    author = {Kannape, Oliver A. and Herr, Hugh M.},
    pages = {1662--1665},
    url = {http://excedrin.media.mit.edu/biomech/wp-content/uploads/sites/3/2013/04/Kannape_2014_EMBC.pdf},
    isbn = {9781424479290},
    doi = {10.1109/EMBC.2014.6943925},
    issn = {19457898},
    pmid = {24187210}
}

@article{Shultz2015,
    title = {{Walking on uneven terrain with a powered ankle prosthesis: A preliminary assessment}},
    year = {2015},
    journal = {Proceedings of the Annual International Conference of the IEEE Engineering in Medicine and Biology Society, EMBS},
    author = {Shultz, Amanda H. and Lawson, Brian E. and Goldfarb, Michael},
    pages = {5299--5302},
    volume = {2015-Novem},
    isbn = {9781424492718},
    doi = {10.1109/EMBC.2015.7319587},
    issn = {1557170X},
    pmid = {26737487},
    keywords = {Robotics: prosthetics,Wearable robotic systems: pr}
}

@article{Boonstra1993,
    title = {{Walking speed of normal subjects and amputees: Aspects of validity of gait analysis}},
    year = {1993},
    journal = {Prosthetics and Orthotics International},
    author = {Boonstra, A M and Fidler, V and Eisma, W H},
    number = {2},
    pages = {78--82},
    volume = {17},
    doi = {10.3109/03093649309164360},
    issn = {17461553},
    pmid = {8233772}
}

@article{Matsumoto2017,
    title = {{Walking uphill and downhill: Redirected walking in the vertical direction}},
    year = {2017},
    journal = {ACM SIGGRAPH 2017 Posters, SIGGRAPH 2017},
    author = {Matsumoto, Keigo and Narumi, Takuji and Tanikawa, Tomohiro and Hirose, Michitaka},
    pages = {1--2},
    isbn = {9781450350150},
    doi = {10.1145/3102163.3102227},
    keywords = {Redirection, Virtual reality}
}

@book{LeMoyne2017,
    title = {{Wearable and Wireless Systems for Healthcare I: Gait and Reflex Response Quantification}},
    year = {2017},
    author = {LeMoyne, R and Mastroianni, Timothy},
    editor = {Mukhopadhyay, Subhas Chandra},
    edition = {1},
    publisher = {Springer},
    isbn = {9789811056840},
    doi = {10.1007/978-981-10-5684-0{\_}6}
}

@article{Wang2020,
    title = {{Wearable Sensor-Based Human Activity Recognition Using Hybrid Deep Learning Techniques}},
    year = {2020},
    journal = {Security and Communication Networks},
    author = {Wang, Huaijun and Zhao, Jing and Li, Junhuai and Tian, Ling and Tu, Pengjia and Cao, Ting and An, Yang and Wang, Kan and Li, Shancang},
    month = {7},
    pages = {1--12},
    volume = {2020},
    url = {https://www.hindawi.com/journals/scn/2020/2132138/},
    doi = {10.1155/2020/2132138},
    issn = {19390122}
}

@misc{WhatSimulink,
    title = {{What Is Deep Learning? | How It Works, Techniques {\&} Applications - MATLAB {\&} Simulink}},
    url = {https://uk.mathworks.com/discovery/deep-learning.html}
}

@book{2012WGa,
    title = {{Whittle's Gait analysis}},
    year = {2012},
    author = {Levine, Dave and Richards, Jim and Whittle, Micheal W.},
    edition = {5th ed.},
    publisher = {Churchill Livingstone Elsevier},
    address = {Edinburgh},
    isbn = {9780702042652},
    keywords = {Gait disorders, Gait in humans, Human locomotion, Movement disorders, Running, Walking}
}

@book{Whittle2012,
    title = {{Whittle's Gait analysis}},
    year = {2012},
    author = {Whittle, Michael and Levine, David and Richards, Jim},
    edition = {5th ed.},
    publisher = {Churchill Livingstone Elsevier},
    address = {Edinburgh},
    isbn = {9780702042652},
    keywords = {Gait disorders, Gait in humans},
    language = {eng}
}

@article{Banos2014,
    title = {{Window Size Impact in Human Activity Recognition}},
    year = {2014},
    journal = {Sensors},
    author = {Banos, Oresti and Galvez, Juan-Manuel and Damas, Miguel and Pomares, Hector and Rojas, Ignacio},
    number = {4},
    pages = {6474--6499},
    volume = {14},
    url = {http://www.mdpi.com/1424-8220/14/4/6474/},
    isbn = {1424-8220 (Electronic){\textbackslash}r1424-8220 (Linking)},
    doi = {10.3390/s140406474},
    issn = {1424-8220},
    pmid = {24721766},
    keywords = {activity recognition, human behavior inference, inertial sensing, segmentation, wearable sensors, window size, windowing}
}

@techreport{whoStat2013,
    title = {{World Health Statistics 2013}},
    year = {2013},
    url = {http://www.who.int/gho/publications/world_health_statistics/2013/en/},
    institution = {World Health Organisation},
    isbn = {978 92 4 156458 8}
}

@article{Skog2010,
    title = {{Zero-velocity detection-An algorithm evaluation}},
    year = {2010},
    journal = {IEEE Transactions on Biomedical Engineering},
    author = {Skog, Isaac and H{\"{a}}ndel, Peter and Nilsson, John Olof and Rantakokko, Jouni},
    number = {11},
    month = {11},
    pages = {2657--2666},
    volume = {57},
    url = {http://ieeexplore.ieee.org/document/5523938/},
    isbn = {0018-9294},
    doi = {10.1109/TBME.2010.2060723},
    issn = {00189294},
    pmid = {20667801},
    keywords = {Biomedical signal processing, detection, detection algorithm, inertial navigation, navigation}
}

@misc{Hussain2020ARecognition,
    title = {{A review and categorization of techniques on device-free human activity recognition}},
    year = {2020},
    booktitle = {Journal of Network and Computer Applications},
    author = {Hussain, Zawar and Sheng, Quan Z and Zhang, Wei Emma},
    pages = {102738},
    volume = {167},
    publisher = {Elsevier Ltd},
    url = {https://doi.org/10.1016/j.jnca.2020.102738},
    doi = {10.1016/j.jnca.2020.102738},
    issn = {10958592},
    keywords = {Dense sensing, Device-free, Gesture recognition, Human activity recognition, Human object interaction, Internet of things, Motion detection, RFID}
}

@article{Aliyu2019BCI,
    title = {{BCI ÏóêÏÑú EEG Í∏∞Î∞ò Ìö®Ïú®Ï†ÅÏù∏ Í∞êÏ†ï Î∂ÑÎ•òÎ•º ÏúÑÌïú LSTM ÌïòÏù¥ÌçºÌååÎùºÎØ∏ÌÑ∞ ÏµúÏ†ÅÌôî}},
    year = {2019},
    author = {Aliyu, Ibrahim and Mahmood, Majid},
    number = {6},
    pages = {1171--1180},
    volume = {14}
}

@article{Susi2013MotionUsers,
    title = {{Motion Mode Recognition and Step Detection Algorithms for Mobile Phone Users}},
    year = {2013},
    journal = {Sensors},
    author = {Susi, Melania and Rie Renaudin, Val√© and Rard Lachapelle, G√©},
    pages = {1539--1562},
    volume = {13},
    url = {www.mdpi.com/journal/sensorsArticle},
    doi = {10.3390/s130201539},
    issn = {1424-8220},
    keywords = {gait analysis, handheld MEMS, mobile phone, pedestrian navigation, step detection}
}

@article{Movesense2016MovesenseSensor,
    title = {{Movesense Sensor}},
    year = {2016},
    author = {{Movesense}},
    pages = {0--1},
    url = {https://www.movesense.com/product/movesense-sensor-hr/}
}

@misc{MathWorks2016PolynomialKingdom,
    title = {{Polynomial curve fitting - MATLAB polyfit - MathWorks United Kingdom}},
    year = {2016},
    booktitle = {MATLAB Documentation},
    author = {{MathWorks}},
    url = {https://uk.mathworks.com/help/matlab/ref/polyfit.html https://se.mathworks.com/help/matlab/ref/polyfit.html%0Ahttps://uk.mathworks.com/help/matlab/ref/polyfit.html}
}